3492 5508
890 443 1110 498 -18-

417 635 554 692 audirent
567 635 796 705 declamantem,
816 634 897 709 qnod
911 633 1028 693 disertis
1040 635 1137 693 verbis
1151 635 1301 710 proditum
1315 652 1379 693 esse
1392 627 1582 708 contendit¹).

418 743 477 800 Sed
503 754 579 799 errat
604 744 646 800 vir
670 743 786 802 doctus
821 745 867 801 De
883 744 953 800 loco
978 743 1056 800 enim
1082 743 1227 800 docemur
1250 742 1295 799 his
1319 742 1433 801 verbis:

506 868 553 906 acc
574 852 658 908 acrba
682 851 856 908 custodiebat.
892 851 1031 925 quaedam
1055 852 1127 906 enim
1151 851 1258 908 scholae
1280 851 1339 908 iam
1362 851 1448 924 quasi
1475 850 1584 906 obsceno

506 957 653 1032 roficffluut
673 977 726 1022 ricc.
751 961 778 1015 si
792 979 849 1032 quo
866 958 1025 1016 sordidiora
1042 965 1109 1016 sunt
1123 965 1176 1014 aut
1189 977 1224 1014 ex
1239 958 1375 1014 cotidiano
1391 976 1443 1013 usu
1460 957 1584 1032 repetito,

500 1073 621 1139 possunt
635 1068 710 1140 pati.
735 1066 780 1122 ille
814 1068 844 1122 ia
867 1069 918 1123 hoc
938 1066 1103 1122 scholasticis
1138 1085 1240 1122 morem
1272 1065 1394 1137 gerebat,
1430 1083 1463 1120 ue
1497 1064 1585 1121 uerbis

505 1172 615 1228 calcatis
627 1180 653 1229 rt
662 1173 785 1230 obsoletis
797 1180 930 1242 uteretur,
944 1174 994 1230 sed
1001 1173 1141 1248 quaedam
1152 1175 1273 1247 antiqua
1287 1218 1292 1230 .
1310 1219 1315 1230 .
1335 1217 1340 1230 .
1358 1173 1464 1229 dicebat
1480 1173 1583 1239 228,6.

429 1311 432 1316 ·
509 1279 560 1335 hoc
580 1286 703 1355 cxcuqtto
725 1299 803 1337 cremo
827 1287 892 1337 erat
911 1281 1077 1338 scholasticis
1094 1298 1141 1338 uec
1154 1281 1249 1355 aptior
1264 1298 1311 1337 uec
1324 1279 1445 1337 similior
1458 1281 1547 1352 228,r
1556 1297 1583 1351 3.

526 1405 652 1461 Multum
688 1405 776 1479 igitur
814 1406 891 1464 inter
927 1407 1122 1464 scholasticos
1158 1406 1331 1465 versabatur
1379 1405 1520 1463 Haterius
1558 1415 1586 1462 et

420 1511 606 1568 scholasticis
639 1513 839 1583 declamabat,
877 1532 975 1588 neque
1000 1514 1165 1589 intelligere
1201 1532 1249 1570 ine
1273 1513 1428 1582 confiteor,
1466 1513 1585 1586 quade

420 1637 677 1693 causanegemus
702 1621 927 1695 huncquoque
961 1622 1007 1678 vel
1039 1622 1170 1679 admissa
1194 1619 1382 1680 multitudine
1419 1619 1448 1676 in
1484 1620 1587 1677 schola

421 1725 615 1783 declamasse.
664 1729 697 1784 ln
732 1747 793 1802 qua
826 1747 897 1786 vero
933 1729 1036 1786 schola
1071 1730 1212 1787 Haterius
1247 1728 1482 1787 declamationes
1521 1747 1586 1786 snas

421 1832 587 1900 instituerit,
628 1834 751 1892 dubium
791 1846 844 1894 est.
907 1836 984 1894 Nam
1024 1855 1062 1894 ne
1101 1838 1159 1894 hoc
1194 1837 1315 1912 quidem
1351 1854 1405 1912 pro
1429 1845 1511 1893 certo
1527 1835 1586 1893 dici

421 1950 528 2014 potest,
566 1942 688 2015 quinam
717 1942 759 1998 illi
784 1943 954 2000 scholastici
978 1944 1095 2016 fuerint,
1133 1963 1199 2002 curn
1236 1944 1322 2001 huius
1346 1943 1476 2000 nominis
1501 1941 1587 2018 signi·

422 2047 523 2104 ficatio
548 2049 689 2123 ambigua
710 2050 756 2108 sit.
815 2052 874 2108 Aut
898 2051 978 2108 enirn
1001 2053 1157 2109 scholastici
1178 2051 1317 2126 discipuli
1341 2061 1409 2108 sunt
1432 2051 1507 2107 sicut
1543 2049 1587 2107 his

422 2153 511 2213 locis:

513 2261 735 2337 Sparsum...
775 2267 912 2322 homiaem
935 2268 1009 2323 iuter
1037 2267 1207 2324 scholasticos
1245 2286 1357 2335 sanum,
1397 2269 1470 2323 iuter
1506 2283 1590 2322 sonos
1665 2303 1670 2310 -

512 2371 701 2428 scholasticum
720 2375 804 2448 80,5.
818 2405 860 2414 -
878 2376 993 2430 rrcrmim'
1006 2375 1159 2431 Lutroaem
1174 2420 1179 2431 .
1196 2421 1202 2431 .
1219 2375 1328 2442 dicore,
1353 2373 1430 2448 quod
1441 2373 1594 2430 scholastici

511 2479 598 2550 quasi
607 2495 718 2535 earrrrerr
731 2480 886 2537 didicerunt
905 2500 995 2555 134,2
1015 2515 1057 2522 -
1081 2483 1156 2538 rc'sus
1171 2483 1294 2538 outaium
1313 2483 1415 2554 iugens,
1439 2479 1593 2536 scholastici

511 2585 616 2640 iatueri
638 2605 680 2642 rue
699 2606 804 2658 211,4.
832 2620 871 2629 -
896 2605 956 2645 cum
973 2608 991 2645 a
1009 2589 1174 2645 scholasticis
1198 2608 1252 2646 aou
1268 2589 1438 2645 laudaretur
1462 2604 1589 2660 272,13.

530 2710 576 2766 De
610 2711 749 2768 Latronis
785 2723 814 2770 et
849 2713 956 2770 Triarii
994 2713 1180 2771 scholasticis
1216 2714 1254 2771 cf.
1286 2733 1404 2788 310,1o
1429 2732 1473 2787 sq.
1532 2713 1592 2769 Ant

424 2815 595 2890 quicunque
630 2819 817 2878 scholasticis
850 2821 954 2878 studiis
978 2831 1094 2891 vacant,
1131 2820 1302 2878 scholastici
1326 2830 1479 2888 vocantur,
1516 2819 1593 2875 sicut

424 2922 468 2979 his
493 2923 586 2982 locis:

513 3032 563 3086 hoc
583 3032 687 3089 habeat
706 3035 928 3093 scholasticorum
951 3036 1065 3093 studia:
1099 3037 1196 3093 leuiter
1225 3043 1298 3092 tacta
1328 3035 1461 3092 delectant
1483 3035 1591 3105 446,8.

514 3139 563 3194 ubi
572 3140 852 3215 scholasticusforum
868 3189 874 3200 .
891 3190 896 3200 .
912 3189 917 3200 .
930 3145 1060 3200 irmtatur
1072 3159 1201 3219 453,11.
1218 3177 1256 3183 —
1271 3143 1408 3217 borcofide
1420 3141 1595 3198 scholasticus

512 3252 577 3302 erot
598 3262 636 3321 45
643 3266 726 3322 3‚13·
755 3283 802 3304 1-
838 3269 874 3306 ex
896 3252 940 3307 his
963 3251 1202 3319 declamatoribus,
1237 3270 1306 3325 quos
1328 3250 1482 3306 scholastici
1503 3247 1596 3304 caldos

514 3361 613 3409 uocant
625 3370 730 3430 550‚5.
744 3356 878 3414 Albucius
891 3404 897 3416 .
913 3404 918 3416 .
933 3405 938 3416 .
953 3379 1017 3426 aori,
1030 3359 1164 3432 quomodo
1176 3378 1231 3415 aaa
1241 3357 1499 3424 ossotsrholosticus,
1511 3373 1595 3429 quoe-

514 3460 601 3527 rebat‚
625 3462 675 3517 sed
693 3464 828 3536 quomodo
850 3484 905 3522 aon
928 3465 1070 3522 uideretur
1094 3467 1198 3540 269,6.

532 3569 592 3624 Aut
616 3567 692 3626 inter
716 3570 790 3628 duas
814 3571 1047 3645 significationes
1072 3572 1182 3648 eligere
1206 3573 1294 3630 licet:

518 3674 615 3731 Gallio
641 3677 722 3746 illud,
756 3680 834 3752 quod
865 3699 957 3737 omues
990 3681 1145 3737 scholastici
1177 3681 1360 3745 troasieraat,
1396 3677 1471 3734 duait
1487 3678 1595 3749 68.19.

514 3801 574 3840 cum
598 3787 723 3859 coepisset
743 3785 965 3846 scholasticorum
980 3788 1210 3862 frequentissimo
1233 3788 1291 3843 iouc
1316 3805 1390 3842 moro
1416 3786 1454 3860 58
1459 3785 1520 3858 3,6.

511 3893 614 3964 grauis
636 3894 806 3952 scholasticos
830 3896 941 3952 morbus
963 3896 1070 3952 cauasit
1092 3896 1198 3968 317,8.

535 4017 579 4073 Ex
614 4017 723 4091 quibus
754 4030 836 4094 patet
860 4038 948 4095 posse
985 4019 1139 4077 Haterium
1176 4020 1271 4094 ipsum
1307 4035 1428 4092 quoque
1461 4016 1598 4073 scholam

427 4123 577 4181 habuisse.
626 4125 673 4182 Ad
698 4145 788 4200 quarn
813 4127 988 4202 opinionem
1023 4126 1168 4184 accedere
1203 4145 1239 4183 co
1264 4125 1361 4182 minus
1387 4124 1501 4191 dubito,
1527 4122 1601 4198 quia

428 4247 489 4286 non
513 4241 586 4305 puto
611 4232 639 4288 in
658 4233 758 4290 aliena
775 4234 867 4291 domo
893 4235 955 4292 lieri
974 4235 1116 4310 portinse,
1142 4235 1223 4309 qrrod
1242 4233 1280 4289 de
1298 4232 1424 4289 Haterio
1445 4241 1598 4288 narratur:

517 4339 627 4413 alioqui
646 4341 773 4398 libertum
797 4343 924 4410 habebat,
948 4345 993 4400 cui
1007 4349 1125 4418 pareret
1150 4342 1276 4416 227,t6.

538 4641 557 4698 ¹)
579 4640 684 4704 Gruppe
703 4640 719 4689 l.
740 4641 755 4690 1.
779 4644 820 4690 26.
