3492 5508
669 493 867 550 -3..

182 691 283 730 verum
308 691 372 730 esse
398 671 447 728 vix
484 670 622 744 cuiquam
648 672 884 746 persuadebitur.
935 672 1004 729 Huc
1030 672 1187 741 accedunt,
1213 689 1292 746 quae
1315 671 1354 730 de

184 779 313 837 Albucio
338 779 454 837 Seneca
477 777 566 837 dicit:

236 909 238 914 ·
272 887 384 944 instatis
407 886 480 943 milii
499 885 593 943 cotidie
616 886 647 943 de
663 886 797 944 Albucio:
821 905 875 944 nou
898 885 1035 943 ultratus
1058 886 1089 942 di
1112 905 1200 955 eruin,
1225 887 1355 960 quernis

272 1013 327 1052 nere
344 993 483 1050 audierim
498 992 674 1067 frequenter,
705 1010 765 1050 cum
776 1001 832 1068 per
841 1000 942 1082 jutum
964 1012 1071 1050 onerum
1095 993 1263 1067 quinquiens
1286 995 1356 1050 sexi-

272 1119 352 1158 ensue
368 1101 473 1176 populo
496 1100 595 1158 diceret
618 1103 723 1173 266,4.

291 1207 452 1266 Albucium
470 1207 547 1266 intra
564 1226 659 1266 annos
677 1209 738 1266 lere
764 1209 826 1283 690
852 1220 881 1266 et
907 1225 969 1282 700
994 1217 1094 1266 natum
1117 1225 1181 1265 esse
1199 1207 1306 1282 opinor
1321 1201 1354 1288 ¹).

184 1317 288 1390 ltaque
323 1314 373 1372 hic
396 1333 528 1390 quoque,
554 1315 577 1372 si
613 1315 681 1374 vivo
705 1315 843 1374 Labieno
879 1315 1011 1373 admisso
1036 1316 1149 1390 populo
1174 1333 1233 1372 non
1260 1315 1356 1372 decla-

185 1432 304 1492 masset,
330 1429 421 1481 senex
444 1423 505 1480 sere
529 1422 717 1498 septuaginta
741 1442 886 1481 annorum
912 1433 961 1480 aut
979 1422 1134 1498 sexaginta
1161 1423 1234 1480 tales
1259 1423 1355 1480 decla·

186 1529 332 1588 mationes
349 1529 501 1588 instituere
518 1530 675 1606 coepisset,
701 1549 799 1605 neque
816 1541 916 1588 tamen
935 1531 973 1588 de
991 1548 1071 1600 sene,
1097 1531 1150 1588 sed
1175 1530 1213 1587 de
1238 1529 1357 1604 vigente

185 1635 316 1694 Albucio
341 1636 457 1694 Seneca
482 1637 582 1695 dicere
607 1637 731 1695 videtur.
781 1638 884 1711 Quare
919 1637 991 1712 quin
1029 1648 1057 1695 et
1082 1637 1225 1694 Haterius
1255 1647 1283 1694 et
1308 1637 1357 1694 Al-

187 1721 292 1800 bucius
310 1754 379 1801 ante
396 1761 461 1802 earn
488 1753 626 1817 aetatem,
652 1763 712 1819 qua
734 1745 886 1802 Labienus
911 1755 1043 1802 mortuus
1069 1755 1122 1814 est,
1148 1744 1280 1802 admisso
1307 1763 1356 1819 po·

191 1851 263 1926 pulo
292 1850 514 1920 declamaverit,
551 1851 676 1909 dubium
700 1851 748 1909 vix
772 1863 825 1910 est.
872 1851 969 1910 Adice
992 1871 1081 1921 nunc,
1108 1852 1189 1926 quod
1214 1852 1265 1909 illo
1289 1852 1357 1908 loco

188 1957 226 2016 de
250 1957 387 2016 Labieno
412 1975 533 2033 quoque
558 1959 675 2017 Seneca
699 1959 789 2017 dicit:

268 2065 394 2139 putabat
414 2073 493 2140 turpe
516 2083 550 2123 oc
562 2066 692 2140 friuolae
714 2068 879 2124 iactationis.

294 2172 383 2245 Quae
427 2172 451 2230 si
486 2191 576 2232 nemo
616 2173 673 2231 illis
714 2174 898 2250 temporibus
940 2174 977 2231 ad
1015 2173 1249 2232 declamationes
1289 2193 1357 2230 suns

186 2280 330 2355 populum
361 2279 539 2350 admisisset,
565 2300 626 2338 non
651 2280 748 2356 potuit
771 2282 881 2340 dicere.
930 2281 1032 2354 Quare
1056 2281 1145 2339 docet
1169 2300 1224 2338 nos
1242 2283 1357 2338 Seneca

186 2387 314 2445 Labieni
345 2387 529 2463 temporibus
566 2389 813 2447 consuetudinem
850 2389 1040 2448 declamandi
1077 2389 1208 2446 admisso
1245 2391 1357 2463 populo
1431 2439 1434 2446 .

186 2495 320 2552 nondum
345 2493 422 2552 inter
445 2513 560 2564 omnes,
586 2495 637 2570 qui
665 2496 734 2554 hnic
751 2496 849 2554 studio
867 2505 1016 2564 vacarent,
1042 2514 1232 2554 cornmnnem
1259 2496 1356 2554 luisse.

751 2668 788 2726 3.

295 2783 358 2838 lam
383 2799 453 2839 vero
477 2782 536 2840 hoc
557 2781 677 2852 omisso,
704 2782 846 2858 quoniam
865 2783 902 2840 de
920 2801 1031 2850 eorum,
1058 2800 1136 2856 quae
1153 2801 1241 2857 supra
1267 2783 1358 2839 relata

188 2898 264 2958 sunt,
290 2882 535 2964 interpretatione
559 2889 665 2964 agitur,
691 2900 788 2959 restat,
813 2901 854 2958 ut,
880 2908 957 2964 quae
982 2890 1057 2948 ratio
1082 2890 1157 2946 inter
1183 2891 1235 2946 lras
1260 2889 1357 2946 decla-

188 2995 345 3064 mationes,
371 2995 410 3053 ad
434 3014 507 3070 quas
532 2996 660 3071 populus
685 2996 899 3066 admitteretur,
937 3006 1111 3071 ceterasque
1149 2997 1356 3064 intercesserit,

188 3101 382 3177 disputemus
431 3102 614 3178 Incipiamus
639 3114 736 3161 autem
762 3103 867 3161 iterum
891 3104 930 3161 ab
954 3103 1022 3161 illo:

270 3211 395 3285 putabat
416 3217 495 3285 turpe
518 3228 552 3267 oc
564 3209 694 3285 friuolae
716 3213 883 3270 rortoirom's.

296 3317 414 3391 Quibus
452 3318 548 3375 verbis
585 3319 719 3388 efficitur,
758 3330 797 3388 ut,
835 3337 911 3394 quae
948 3318 986 3376 de
1013 3317 1149 3376 Labieno
1186 3319 1356 3384 reseruntur,

189 3424 266 3482 bene
290 3444 358 3482 cunr
384 3425 428 3482 his
445 3435 622 3500 congruant,
648 3445 726 3500 quae
743 3426 781 3484 de
802 3425 937 3483 Pollione
962 3445 980 3482 a
1004 3427 1119 3483 Seneca
1143 3426 1251 3483 tradita
1275 3436 1357 3484 sunt:

277 3532 369 3589 Pollio
391 3533 510 3589 Asinius
526 3552 681 3607 numquam
698 3533 824 3590 adnuisse
841 3533 1024 3590 multidudine
1048 3533 1215 3590 deciorrronit
1234 3579 1238 3590 .
1258 3579 1262 3589 .
1280 3579 1285 3590 .
1303 3535 1360 3589 sine

277 3640 347 3712 quio
364 3647 474 3714 parum
498 3641 528 3696 ire
552 3640 607 3696 illes
630 3641 731 3697 haberit
743 3640 894 3714 fiduciam,
919 3641 976 3696 siue
999 3673 1042 3680 -—
1066 3640 1143 3714 orroei
1163 3641 1253 3714 inagis
1277 3639 1359 3696 credi-

278 3746 366 3803 derim
390 3780 433 3788 -—
456 3753 552 3804 tortus
586 3753 685 3804 orator
718 3747 839 3822 inferius
863 3747 896 3802 id
919 3756 987 3824 opus
1015 3748 1124 3820 ingenio
1157 3766 1207 3804 suo
1229 3747 1314 3804 drrxr't
1336 3753 1363 3803 et

278 3855 401 3910 exerceri
420 3853 530 3928 qur'riem
554 3854 601 3910 illo
624 3854 739 3918 uolebat,
759 3854 886 3928 gloriari
898 3853 1070 3928 sustulerint
1094 3872 1197 3930 ²²5v3·

297 3962 401 4036 ltaque
426 3961 584 4020 exercendi
609 3980 700 4019 causa
725 3961 820 4018 Pollio
845 3961 964 4018 Asinius
990 3961 1180 4020 declamabat
1209 3973 1237 4018 et
1262 3981 1297 4018 ea
1322 3961 1360 4018 de

190 4087 280 4128 causa
305 4068 526 4126 declamantem
550 4087 617 4126 cum
642 4069 757 4128 Seneca
782 4069 905 4127 audivit.
954 4070 999 4128 Cr.

279 4176 380 4234 oudini
401 4183 493 4234 aurem
517 4176 596 4234 illum
619 4184 646 4234 ei
666 4177 784 4234 viridem
817 4184 955 4252 elperico
986 4179 1044 4234 iarn
1069 4196 1168 4245 senrrn,
1192 4193 1252 4233 curu
1276 4176 1358 4233 Mor·

279 4283 342 4340 celle
357 4285 512 4342 Aesernino
528 4285 619 4359 nepoti
640 4303 689 4343 suo
706 4286 792 4359 quasi
799 4286 973 4360 praecineret
997 4299 1124 4359 225,11.
1150 4285 1265 4342 urerru'ni
1283 4285 1360 4341 r'otro

300 4582 319 4649 ¹)
341 4584 438 4632 Seneca
457 4599 512 4632 eum
534 4583 657 4634 audivisse
677 4585 776 4634 videtur
794 4595 818 4633 et
838 4584 953 4634 iuvenem
973 4593 997 4632 et
1017 4599 1103 4632 senem
1124 4593 1209 4644 270,2.
1248 4583 1361 4630 Mortuus

191 4685 272 4724 autem
293 4683 331 4723 est
350 4691 372 4722 a.
393 4673 452 4736 748,
472 4684 603 4738 postquam
625 4675 705 4722 Roma
724 4674 840 4723 decessit.
877 4671 1218 4796 'l'enl'sel-Schwabei*268,4.
