3492 5508
686 409 907 467 ..23-

211 583 295 640 semel
313 583 403 640 lateim
426 587 589 644 sententiam
618 606 731 662 149,13
760 621 803 629 —-
826 587 906 645 bodie
914 589 1043 664 prirnnm
1066 606 1109 644 res
1125 589 1154 644 in
1170 587 1272 662 sorum
1289 587 1381 644 delata

210 697 252 746 est
275 688 414 768 283‚16,²,
434 727 470 734 --
497 694 608 770 (Julius
631 695 752 764 Bassus)
776 695 983 752 corescctobatur
1005 694 1225 752 aeriorc'tuelinent
1248 701 1275 751 el
1297 695 1381 752 situu-

211 797 340 855 lationem
365 802 480 858 octe'one's
503 803 646 860 oratoriae
670 817 776 877 453,9.

319 907 395 964 Nam
420 909 475 966 etsi
507 908 743 994 declamationes
779 909 926 967 interdum
962 909 1113 966 imitantur
1146 909 1309 967 dictionem
1340 911 1383 966 so-

213 1032 338 1085 rensem,
365 1015 436 1073 inde
461 1035 520 1073 non
553 1015 686 1092 sequitur
722 1018 779 1075 hoc
804 1018 914 1074 sactum
939 1035 1003 1074 esse
1028 1016 1154 1075 forensis
1181 1035 1271 1074 causa
1295 1017 1382 1076 disci·

212 1119 321 1194 plinae.

771 1261 829 1319 18.

319 1357 432 1414 Multae
457 1367 555 1414 autem
580 1367 648 1414 sunt
681 1376 798 1427 causae,
835 1377 871 1415 ex
907 1358 1015 1432 quibus
1052 1367 1132 1432 patet
1157 1358 1383 1416 exercitationes

212 1464 275 1521 illas
293 1483 382 1538 quam
401 1463 598 1522 alienissimus
615 1465 704 1522 fuisse
722 1485 739 1522 a
756 1465 831 1523 veris
849 1465 1027 1524 actionibus.
1061 1465 1131 1537 Qua
1148 1465 1186 1522 de
1208 1465 1382 1540 reprimunt

212 1572 349 1628 conserus
374 1571 441 1628 illos
466 1571 560 1640 locos,
586 1571 693 1647 quibus
719 1585 748 1630 ut
772 1573 861 1648 plane
887 1573 1004 1630 inutiles
1029 1571 1222 1630 deridentur:

301 1698 386 1754 usqne
408 1698 437 1735 eo
453 1680 565 1753 ingenio
589 1681 618 1736 in
639 1679 804 1737 scholasticis
818 1680 1058 1738 exercitationibus
1074 1680 1184 1736 delicate
1207 1683 1383 1748 nutriuntur,

300 1793 333 1842 ut
353 1786 509 1855 clamorem,
533 1786 682 1855 solentium,
699 1789 799 1856 risum,
824 1787 927 1845 eaelum
951 1787 1068 1862 decee'que
1084 1787 1152 1862 poti
1173 1788 1302 1845 nesciant.
1328 1807 1383 1845 non

301 1901 341 1950 est
373 1899 465 1950 autem
501 1894 578 1952 utilis
599 1896 767 1964 exercitatio,
803 1896 860 1952 nisi
884 1889 964 1969 ‘qnae
987 1895 1065 1968 operi
1095 1893 1240 1951 simillimo
1275 1902 1322 1966 est,
1354 1896 1384 1952 in

300 2001 378 2074 quod
408 2007 514 2058 exercet
610 2004 640 2058 in
676 2002 841 2059 scholasticis
869 2001 1113 2058 declamationibus
1147 2007 1242 2058 contra
1275 2004 1384 2059 euenit:

301 2109 394 2166 artenia
429 2109 558 2168 molliora
593 2115 620 2166 el
640 2109 775 2167 solutiora
798 2115 881 2167 sunt:
912 2110 942 2166 in
957 2109 1028 2184 foro
1045 2114 1159 2184 partem
1183 2109 1322 2183 accipiunt
1341 2128 1382 2184 sq.

302 2234 431 2292 371,20.

301 2325 444 2383 deridebat
465 2326 622 2383 Montanus
664 2325 789 2382 Veitunus
820 2326 850 2381 in
874 2325 928 2382 bac
956 2324 1141 2381 caretrouersia
1174 2324 1294 2399 ineptias
1322 2325 1383 2382 rlu·

300 2439 391 2490 torum
416 2432 551 2508 426,15.

320 2539 476 2598 Arruntius
500 2540 581 2615 apud
605 2538 719 2597 iudices
738 2538 898 2596 Albucium
923 2516 1033 2596 derisit.
1083 2537 1227 2596 Albucius
1252 2538 1383 2596 dixerat:

302 2648 368 2704 iuro
386 2657 442 2724 per
457 2649 554 2722 patres
571 2649 689 2704 cineres.
706 2693 712 2704 .
729 2693 734 2705 .
751 2653 914 2704 elexeculns
929 2652 970 2702 est
982 2645 1078 2704 locum.
1115 2665 1170 2720 quo
1186 2646 1308 2720 perficio
1323 2665 1384 2704 sur-

302 2755 378 2812 rexit
407 2755 442 2812 L.
468 2755 627 2812 Arruntius
660 2775 695 2812 en
726 2755 835 2812 eleuerso
867 2762 894 2811 et
924 2755 985 2810 ait:
1019 2754 1164 2829 recontinues
1187 2754 1386 2824 cortdiuoncm;

301 2863 416 2920 iurabit.
439 2863 581 2919 clamabat
601 2863 752 2920 Albucius:
776 2881 832 2919 non
856 2861 942 2918 detuli
963 2861 1158 2930 condicionem·
1181 2861 1289 2918 scbeeno
1313 2861 1383 2919 deni.

302 2971 461 3027 Arruntius
476 2971 602 3026 ueslabat
618 2970 807 3027 ...Albucius
823 2969 980 3026 clamabat:
1003 2971 1059 3025 ista
1075 2970 1184 3026 ratione
1199 2969 1337 3025 sclzematn
1354 2968 1386 3024 de

302 3097 398 3134 rerum
421 3084 528 3134 reaturo
559 3077 704 3134 tolluntur.
752 3077 911 3134 Arruntius
934 3076 1039 3133 aiebat:
1063 3076 1215 3145 tollontnr;
1231 3077 1386 3152 poterimus

302 3187 360 3242 sine
383 3185 438 3242 illis
461 3187 553 3242 m'ucre
576 3199 672 3258 27r,2.

768 3392 828 3450 tu.

322 3509 440 3566 Deinde
465 3507 630 3564 notandum
663 3517 706 3564 est
741 3525 802 3564 non
838 3507 933 3564 solum
960 3506 1090 3564 Cestium
1117 3505 1270 3563 inimicum
1295 3507 1385 3564 fuisse

213 3617 378 3686 CiceroniS,
392 3611 412 3696 ¹)
438 3615 491 3674 sed
510 3614 662 3672 universos
685 3613 879 3671 scholasticos
902 3632 973 3688 prae
991 3612 1242 3670 declamatoribus
1267 3613 1385 3688 stupide

213 3723 430 3798 contempsisse
456 3732 597 3780 oratores,
631 3721 752 3779 Cassius
777 3722 902 3778 Severus
916 3720 1065 3795 queritur:
1098 3727 1124 3776 et
1144 3720 1297 3777 Pollionem
1321 3721 1384 3776 Asi·

213 3834 291 3889 ninm
326 3837 351 3888 el
378 3830 534 3887 Messalam
564 3829 718 3886 Coruinum
753 3835 780 3886 ct
801 3829 968 3884 Passienum
1081 3829 1174 3884 minus
1209 3828 1273 3884 bene
1297 3827 1388 3884 rotun·

321 4129 340 4196 ¹)
361 4139 414 4180 erat
433 4139 515 4178 autem
535 4129 634 4177 Cestius
664 4127 755 4176 nullius
782 4127 883 4191 quidem
912 4126 1006 4190 ingenii
1035 4127 1093 4190 (nisi
1113 4127 1161 4190 sui)
1191 4135 1294 4184 amator,
1316 4126 1386 4174 Cice·

212 4221 267 4272 roni
296 4221 369 4270 etiarn
399 4219 502 4268 infestus
523 4218 608 4280 582‚7.
647 4217 795 4265 Ciceronem
825 4218 934 4280 negabat
960 4216 1053 4264 litteras
1082 4217 1158 4264 scisse
1189 4215 1292 4277 582,17.
1330 4215 1385 4276 Qua

213 4313 245 4361 (le
265 4327 347 4366 causa,
368 4309 434 4373 quod
455 4307 554 4356 Cestius
574 4305 703 4355 Ciceronis
732 4306 886 4354 orationibus
915 4306 1041 4370 rescripsit
1062 4305 1165 4363 210μὸ,
1186 4305 1253 4368 quod
1274 4303 1385 4352 recitavit

213 4401 238 4448 in
258 4400 310 4449 eius
330 4415 375 4462 pro
396 4397 490 4446 Milone
511 4397 621 4445 habitam
650 4395 797 4461 orationem,
825 4395 911 4458 magis,
941 4404 967 4442 ut
987 4394 1103 4443 Ciceroni
1122 4395 1310 4450 obtrectaretur,
1332 4392 1384 4454 ipse

213 4490 367 4554 gloriaretur,
396 4488 445 4536 hoc
474 4486 572 4534 videtur
599 4487 691 4534 factum
720 4501 782 4544 esse,
813 4501 887 4550 quarn
907 4485 977 4534 utin
997 4485 1077 4532 sorum
1106 4483 1222 4547 discipuli
1241 4482 1289 4530 hoc
1310 4482 1385 4529 modo

214 4587 397 4629 exercerentur.
