3492 5508
668 423 889 478 „31-

187 616 226 665 se,
251 615 312 654 cnm
336 598 512 671 declamaret,
538 600 588 657 sai
607 599 688 674 infra
712 599 812 656 nrnlios
834 606 899 656 irai
922 615 994 675 207,
1009 619 1037 674 9.
1086 599 1168 658 Idem
1194 600 1273 658 baud
1299 601 1362 658 scio

189 723 227 761 an
253 705 292 763 de
317 706 468 780 plerisque
492 707 659 764 oratoribus
684 706 845 764 dicendum
870 707 916 765 sit.
964 706 1014 763 nit
1038 707 1116 764 enirn
1142 709 1275 768 Seneca:

279 813 414 886 ariasdani
435 814 629 871 disertissimos
651 815 766 885 coenari
786 815 862 870 ru'ras
885 832 940 870 naa
955 814 1144 887 respondentes
1157 815 1262 888 famae
1284 837 1361 886 saar,

279 937 338 976 cam
362 919 557 989 declamarent,
592 923 622 978 in
637 921 708 994 sora
725 922 854 978 inaximo
878 922 1002 977 onan'urn
1027 921 1214 980 ariarirananr
1237 925 1360 986 dicentes.

279 1027 366 1083 sr'rrrnl
397 1027 440 1083 ad
471 1029 525 1084 lias
548 1029 707 1084 domesticas
739 1029 945 1084 incantationes
968 1036 1140 1096 secesserant,
1176 1030 1293 1086 desertas
1326 1031 1363 1086 ad

280 1136 389 1208 apina
420 1153 478 1192 sna.
513 1135 591 1210 anari
621 1136 739 1192 arridere
768 1135 912 1210 plerisque
946 1154 1032 1209 aran
1055 1136 1128 1192 rar'lri
1148 1137 1252 1193 nitram
1275 1157 1362 1211 qaam

280 1250 384 1298 ceriam
407 1249 448 1299 est
472 1261 583 1314 204‚4.

433 1434 472 1500 V.
496 1434 547 1500 Ilo
572 1431 722 1501 Senecae
746 1433 876 1500 studiis
900 1435 1135 1502 scholasticis.

743 1573 807 1630 24.

297 1687 505 1762 Disputabitur
520 1688 580 1746 boc
603 1687 702 1763 capite
727 1687 764 1744 de
788 1687 881 1762 ipsius
898 1687 1031 1745 Senecae
1057 1689 1171 1748 studiis.
1220 1693 1362 1751 Habebat

192 1806 290 1852 autem
311 1806 534 1870 praeceptorem
560 1794 751 1870 eloquentiae
765 1795 922 1851 Marullum
950 1797 1095 1853 rhetorem
1125 1816 1216 1874 13,15
1249 1819 1318 1875 133,
1333 1819 1361 1877 5,

191 1902 231 1960 de
266 1921 326 1976 quo
362 1901 426 1960 sine
450 1901 494 1960 ira
529 1912 578 1960 aut
602 1902 701 1962 studio
725 1901 826 1959 dicere
849 1902 934 1959 solet.
976 1919 1087 1977 13,15.
1128 1907 1177 1973 26,
1190 1924 1218 1979 3.
1246 1926 1361 1983 39,13.

197 2025 299 2084 1335.
330 2025 464 2085 155,14.
513 2011 559 2067 De
583 2009 703 2068 Marulli
737 2009 839 2066 schola
863 2027 923 2065 non
959 2009 1092 2084 pluribus
1127 2031 1218 2086 quarn
1244 2014 1362 2074 duobus

192 2117 267 2174 locis
283 2135 381 2174 senno
399 2127 451 2185 est,
477 2118 580 2186 altero,
607 2136 666 2192 quo
683 2118 773 2174 Latro
799 2117 927 2173 Marullo
952 2117 1149 2176 cummaxime
1173 2120 1362 2180 declamante

192 2224 355 2282 sententias
380 2224 491 2282 dixisse
508 2225 598 2282 fertur
626 2244 673 2298 13,
692 2243 739 2295 14,
765 2224 866 2292 altera,
893 2242 953 2297 quo
978 2225 1069 2281 Latro
1095 2226 1221 2300 primam
1246 2240 1361 2287 contro-

192 2331 316 2390 versiam
342 2331 559 2390 declamavisse
583 2331 690 2390 dicitur
731 2347 813 2405 15‚4.
854 2330 939 2387 Alios
964 2341 1061 2388 alitem
1097 2344 1305 2409 praeceptores
1331 2355 1362 2394 se

192 2439 333 2497 habuisse
359 2440 473 2497 Seneca
509 2457 570 2496 non
605 2438 687 2496 dicit.
742 2439 858 2495 Tamen
895 2437 967 2511 quin
1004 2438 1061 2495 illis
1097 2439 1154 2496 iam
1179 2442 1363 2516 temporibus

193 2547 318 2604 aliorum
342 2548 490 2604 rhetorum
516 2547 635 2604 scholas
659 2547 848 2619 frequentare
873 2545 1015 2619 coeperit,
1042 2565 1102 2603 non
1128 2546 1242 2606 dubito.
1281 2550 1363 2608 Sicut

192 2654 274 2728 quod
299 2654 337 2711 de
360 2653 473 2711 Arellio
498 2654 588 2712 dicit:

282 2761 366 2818 recola
381 2761 457 2817 nr'lzil
456 2761 551 2835 fnisse
562 2780 604 2817 me
616 2762 712 2817 iuvene
724 2767 782 2816 iaia
795 2767 889 2816 natraa
900 2779 987 2833 qaam
1000 2760 1053 2816 lias
1064 2761 1257 2835 explicationis
1269 2765 1363 2834 Fusci,

281 2887 354 2942 qaas
393 2887 472 2925 nima
506 2876 632 2925 nastrum
656 2887 711 2924 aaa
734 2867 810 2924 alius
837 2868 897 2924 alia
922 2867 1099 2924 inclinatione
1121 2871 1194 2926 naris
1216 2871 1291 2927 aaa
1310 2891 1364 2929 saa

284 2977 400 3050 an'saae
424 2975 613 3032 modulatione
634 2975 769 3031 ianiabat
792 2976 864 3049 538,
880 2994 905 3041 1,

192 3083 251 3140 boc
295 3102 362 3139 curn
414 3082 628 3157 discipulorum
673 3081 802 3138 maxime
855 3081 988 3138 moribus
1033 3083 1194 3140 convenire
1236 3083 1362 3143 videtur.

193 3190 327 3248 Certiora
366 3191 435 3248 licet
473 3190 511 3247 de
547 3191 679 3248 Senecae
720 3187 824 3246 amicis
864 3188 959 3246 isdem
999 3189 1103 3246 studiis
1135 3189 1360 3264 indulgentibus

193 3317 351 3375 exponere.

301 3407 382 3462 Inter
406 3423 482 3479 quos
506 3405 610 3480 procul
635 3403 728 3461 dubio
753 3404 880 3479 primum
911 3405 1011 3461 locum
1036 3403 1150 3461 obtinet
1176 3406 1217 3462 M.
1243 3406 1364 3464 Porcius

193 3515 295 3582 Latr0,
332 3512 412 3588 apud
444 3513 603 3568 Marullum
628 3512 761 3570 Senecae
788 3511 1011 3585 condiscipulus
1053 3530 1164 3584 13,14.
1206 3528 1295 3586 15,4.
1324 3523 1364 3570 at·

193 3640 252 3697 que
276 3620 444 3678 carissimus
479 3618 542 3676 eius
577 3619 700 3687 sodalis,
738 3618 821 3675 cuius
837 3618 1018 3691 santiliarem
1051 3619 1204 3675 ann'rinam
1228 3640 1247 3676 a
1265 3622 1364 3694 prima

185 3729 314 3805 pueritia
338 3746 424 3802 usqne
446 3727 489 3783 ad
508 3725 637 3782 nltimam
661 3727 719 3782 eins
742 3725 813 3782 dr'em
837 3724 984 3799 perduxit.
1033 3725 1139 3799 Itaque
1163 3726 1278 3784 Seneca
1302 3746 1363 3784 non

192 3837 288 3894 solum
306 3835 413 3892 nullius
431 3833 601 3902 sententiae,
621 3832 793 3900 divisiones,
819 3833 936 3890 colores
955 3843 1014 3888 tarn
1033 3849 1123 3906 saepe
1147 3833 1249 3890 laudat
1273 3853 1363 3908 quam

192 3942 341 4010 Latronis
378 3942 429 3999 sed
466 3941 565 4007 etiarn,
614 3957 692 4014 quae
728 3939 805 3996 falso
841 3939 880 3996 de
908 3957 944 3996 eo
980 3939 1117 3996 homines
1153 3939 1362 4014 opinabantur,

193 4051 320 4108 refutare
353 4049 451 4106 studet
484 4051 599 4123 392‚6.
632 4063 771 4122 453‚12,
804 4065 871 4104 raro
905 4057 1003 4104 autem
1036 4065 1082 4114 ea,
1114 4066 1190 4120 quae
1219 4047 1364 4122 vitupera·

193 4159 311 4229 bantur,
336 4155 463 4213 servavit
492 4157 605 4231 156,2,
644 4171 754 4230 159‚2.
788 4169 914 4240 371,15
946 4154 983 4211 al.
1032 4154 1114 4211 Talis
1138 4153 1191 4210 viri
1216 4154 1364 4212 declama·

192 4265 290 4323 tiones
314 4264 459 4321 Senecam
493 4262 668 4338 saepissime
701 4261 850 4319 audivisse
875 4271 903 4318 et
927 4279 979 4336 per
1003 4281 1035 4319 se
1059 4272 1295 4319 consentaneum
1321 4273 1364 4319 est

193 4383 223 4430 et
239 4371 310 4429 inde
327 4369 527 4443 consequitur,
554 4369 635 4444 quod
659 4381 718 4427 tarn
744 4369 837 4425 multa
861 4388 879 4425 a
895 4369 1025 4425 Latrone
1042 4369 1117 4425 inter
1134 4368 1364 4426 declamandum

194 4489 224 4538 et
247 4477 460 4553 disputandum
492 4477 573 4534 dicta
596 4476 722 4533 servavit
756 4487 785 4532 et
817 4475 856 4533 de
880 4475 943 4532 eius
967 4475 1071 4532 studiis
1096 4475 1365 4533 declamationibus

194 4605 311 4646 summa
345 4603 412 4642 cum
448 4584 603 4660 diligentia
640 4583 777 4640 disseruit
814 4585 843 4652 8,
859 4599 888 4658 5.
955 4583 1055 4657 Atque
1090 4582 1206 4639 disertis
1242 4583 1364 4658 quidem
