3492 5508
398 608 430 666 Si
454 627 524 666 vero
541 609 675 667 Domitio
694 608 724 666 in
748 610 899 668 rhetorum
917 609 1028 667 scholis
1053 629 1114 668 non
1138 610 1234 668 solum
1262 609 1377 679 adesse,
1402 608 1564 668 sedetiam

398 715 567 774 declamare
591 717 711 784 licebat,
737 718 884 792 numquid
908 730 993 793 lautas
1018 717 1098 787 idem
1128 717 1193 776 aliis
1227 727 1367 794 negatum
1391 716 1475 776 esse?
1499 719 1566 774 Pro·

397 823 484 880 batur
519 823 607 899 igitur
641 824 792 882 hocloco
829 843 907 882 non·
926 824 1018 882 modo
1042 825 1185 894 Cestium,
1223 825 1277 883 sed
1308 843 1412 882 omnes
1437 825 1566 882 rhetores

398 941 447 988 aut
483 941 562 989 certe
597 951 736 1006 magnam
772 950 874 989 eorum
899 941 1014 1007 partem
1038 942 1232 1006 —excepto
1262 942 1362 990 tamen
1386 933 1515 989 Latrone
1538 941 1567 988 et

336 1053 339 1060 ’
398 1039 523 1097 fortasse
541 1039 646 1096 Nicete
662 1073 705 1080 -
724 1051 839 1114 praeter
861 1039 1025 1114 discipulos
1043 1038 1118 1096 alios
1136 1057 1257 1113 quoque
1281 1039 1320 1097 ad
1337 1038 1566 1097 declamandum

398 1145 565 1204 admisisse.
614 1148 712 1220 Atque
743 1165 810 1204 cum
843 1147 880 1204 de
905 1146 1016 1204 scholis
1041 1147 1188 1204 Senecam
1214 1147 1322 1204 referre
1346 1165 1435 1222 supra
1458 1165 1566 1221 cogno-

397 1253 535 1321 verimus,
560 1273 692 1328 quonam
716 1255 785 1312 loco
809 1254 988 1323 Labienum,
1018 1273 1079 1328 quo
1105 1255 1284 1312 Montanum
1309 1254 1482 1321 Votienum,
1507 1272 1566 1326 quo

397 1359 479 1417 illum
499 1362 689 1436 praetorium,
716 1381 804 1436 quem
822 1364 949 1419 Scaurus
965 1361 1108 1420 audiebat
1117 1355 1149 1438 ¹),
1176 1372 1226 1418 ant
1250 1381 1355 1420 omnes
1379 1361 1447 1418 illos
1471 1361 1566 1418 decla·

401 1487 497 1526 masse
522 1479 668 1545 putemuS,
695 1469 745 1544 qui
769 1488 867 1545 neque
891 1469 1031 1545 discipuli
1056 1481 1140 1528 erant
1164 1487 1263 1544 neque
1287 1481 1506 1545 praeceptores,

965 1677 1000 1735 7.

503 1789 563 1848 Sed
573 1791 631 1848 hoc
644 1793 810 1849 cavendum
823 1804 877 1860 est,
892 1792 1108 1867 neubicunque
1121 1792 1245 1850 alicuius
1260 1790 1425 1848 sententiae
1441 1789 1565 1847 traditae

397 1909 473 1962 sunt.
499 1898 596 1956 statim
621 1900 700 1956 hunc
724 1900 911 1958 declamasse
941 1910 1116 1958 statuamus
1165 1900 1242 1956 Nam
1280 1899 1304 1957 si
1329 1898 1402 1956 dicit
1433 1900 1565 1956 Seneca:

491 2005 606 2063 Cassius
630 2006 748 2064 Seuerus
782 2009 877 2064 aiebat
903 2008 1016 2082 placere
1048 2008 1103 2064 sibl
1123 2007 1202 2064 illum
1231 2007 1358 2064 colorem:
1382 2007 1456 2063 ruore'
1476 2005 1567 2073 uolui,

486 2120 513 2170 ct
532 2114 672 2188 quosdam
695 2115 770 2171 (teuit
791 2116 864 2171 inter
886 2115 1087 2190 disputandum
1111 2116 1259 2172 sententias
1278 2133 1318 2188 30
1323 2133 1406 2188 3,19,

504 2221 647 2279 docemur
682 2222 842 2280 sententias
885 2241 946 2280 non
989 2223 1085 2279 solum
1130 2222 1205 2280 inter
1240 2220 1481 2288 declamandum,
1515 2217 1567 2276 sed

398 2327 488 2384 etiam
514 2327 590 2386 inter
613 2329 827 2404 disputandum
852 2329 949 2387 dictas
974 2347 1047 2387 esse.
1098 2329 1192 2402 Quod
1216 2327 1371 2404 quomodo
1396 2328 1565 2402 intellegen-

397 2434 468 2492 dum
493 2435 538 2505 sit,
564 2454 600 2493 ex
625 2436 669 2492 his
693 2435 767 2494 locis
785 2447 926 2512 apparet:

486 2542 545 2600 Salo
568 2544 717 2618 Pompeius
750 2545 844 2601 sedeas
873 2551 900 2600 et
911 2544 1060 2618 facundus
1094 2551 1121 2600 et
1140 2544 1280 2600 litteratas
1313 2549 1354 2600 est
1373 2550 1400 2599 et
1420 2543 1569 2599 haberetur

486 2651 613 2720 ctcsertns,
638 2654 665 2708 si
686 2672 704 2708 a
714 2652 921 2728 praelocutione
944 2653 1108 2721 cla'mr'ttcret,·
1130 2651 1269 2708 declamat
1288 2657 1347 2707 tam
1370 2649 1452 2718 male,
1476 2656 1509 2706 nt
1528 2649 1566 2704 ui·

487 2758 559 2814 clear
580 2759 644 2815 belle
666 2767 782 2834 optasse,
807 2777 867 2816 curn
891 2760 970 2816 dc'cci:
994 2779 1149 2825 narranaam
1172 2776 1275 2830 surgas
1301 2776 1405 2831 209,4.

504 2866 619 2936 (Latro)
644 2867 677 2922 id
699 2867 777 2941 quod
795 2886 870 2924 nuccc
895 2888 914 2924 a
938 2868 1014 2925 uallo
1045 2867 1112 2936 fieri
1132 2867 1339 2935 aur’rnarluerta,
1363 2873 1471 2939 semper
1483 2864 1565 2939 fecit:

486 2981 637 3047 antequam
661 2975 747 3031 cb'cere
770 2977 906 3050 z'uaperet,
930 2975 1024 3031 sedens
1048 2976 1220 3048 quaestiones
1243 2975 1311 3042 eius,
1335 2992 1421 3047 quam
1444 2973 1568 3028 dicturus

488 3087 559 3152 erat,
585 3083 795 3150 controuersiae,
813 3083 989 3157 proponebat
1015 3101 1117 3152 12,14.

506 3187 621 3244 Cestius
646 3187 676 3244 in
701 3188 831 3261 quadam
856 3188 1082 3262 praelocutione
1107 3187 1136 3244 in
1161 3187 1321 3244 Albucium
1346 3187 1479 3244 invectus
1503 3195 1565 3242 est:

486 3313 544 3351 nem
560 3295 676 3352 dt'rcisset
691 3296 825 3352 Albucius
846 3322 905 3357 ....·
925 3297 1070 3371 ,‚iaposuit
1077 3296 1205 3370 fratrem
1229 3296 1258 3351 ln
1274 3295 1388 3351 culleum
1415 3293 1567 3366 lagueum&

489 3402 716 3460 Ceste'useandem
722 3403 845 3460 dicturus
856 3405 895 3460 sic
900 3397 1246 3477 exposuitcontrauerse'aln
1254 3424 1262 3459 .·
1275 3401 1392 3476 quidam
1392 3401 1534 3476 fratrem.
1544 3445 1550 3457 .
1560 3446 1566 3458 .

485 3512 618 3584 imposuit
626 3512 656 3566 in
668 3510 783 3568 culleum
795 3513 926 3584 lagueum.
944 3512 1127 3584 ingrasnus
1143 3511 1266 3567 anartium
1289 3515 1395 3566 secutus
1405 3515 1446 3564 est
1462 3525 1497 3580 27
1507 3523 1566 3579 2,7.

505 3619 551 3674 De
577 3617 684 3674 eodem
710 3617 831 3676 Cassius
855 3619 980 3676 Severus
1005 3627 1122 3674 narrat:

487 3727 601 3782 orrenu'rn'
611 3745 652 3782 rne
668 3727 778 3782 intrare
789 3726 910 3783 schalam
926 3727 994 3794 eius,
1019 3743 1079 3782 curn
1096 3725 1262 3781 recitaturus
1282 3730 1350 3779 esset
1369 3724 1399 3779 in
1415 3721 1549 3778 tatonem
1559 3743 1569 3790 ,·

491 3833 596 3890 Cestius
630 3853 665 3890 ex
699 3833 889 3891 consuetudine
918 3852 970 3889 sua
995 3834 1116 3888 rniratns
1139 3831 1261 3887 clr'cebut:
1284 3832 1311 3886 si
1337 3830 1453 3886 Thraex
1475 3847 1567 3896 essent,

485 3942 592 3998 Fusius
626 3961 719 4008 essene,
744 3943 770 3997 si
785 3942 979 4016 pantomimus
1003 3959 1096 4008 essem,
1120 3938 1272 4013 Bathyllus
1307 3956 1401 4006 essem,
1424 3937 1452 3994 sr'
1471 3953 1567 4010 equus,

487 4049 613 4106 ltlelr'ssio
640 4050 766 4118 210‚16.

503 4157 648 4215 Solebam
673 4157 761 4232 igitur
779 4157 910 4214 rhetores
935 4154 1206 4214 declamationibus
1223 4151 1462 4227 praelocutiones
1486 4167 1567 4225 prae-

398 4265 521 4333 mittere,
547 4263 577 4320 in
602 4263 711 4337 quibus
735 4264 772 4321 de
796 4263 883 4320 variis
908 4264 995 4321 rebus
1026 4271 1164 4337 poterant
1188 4278 1349 4334 exponere,
1374 4259 1453 4316 velut
1476 4258 1567 4314 Latro

397 4372 587 4446 quaestiones
613 4371 811 4446 proponebat,
845 4370 962 4428 Cestius
987 4368 1172 4427 adversarios
1197 4365 1323 4424 ridebat.
1371 4364 1444 4423 Veri
1470 4373 1567 4422 autem

504 4617 524 4684 ¹)
543 4631 631 4680 42,13.
