3492 5508
678 417 899 476 -35.„

197 595 356 653 suetudine
373 595 522 653 Gallionis
539 595 700 664 fruebatur,
727 595 810 652 cuius
831 596 940 654 totiens
959 606 989 654 ut
1007 596 1140 653 Senecae
1157 593 1244 652 amici
1261 595 1374 653 mentio
1452 597 1457 606 '

197 703 240 760 fit.
289 701 494 774 Quamobrem
512 703 655 759 Annaeus
674 720 735 758 non
754 711 784 759 ut
802 703 940 768 amicum,
967 703 1020 761 sed
1038 713 1069 759 ut
1086 702 1236 777 egregium
1254 713 1373 777 poetam

198 809 333 867 Gallioni
358 828 411 866 suo
436 809 635 867 familiaritate
660 809 830 866 devinctum
857 810 999 868 Ovidium
1036 809 1136 884 magni
1173 810 1374 868 aestimavisse

197 915 272 973 mihi
296 916 422 974 videtur.

753 1178 816 1235 25.

307 1293 394 1350 Haec
431 1293 469 1350 de
494 1293 628 1350 Senecae
662 1291 766 1349 amicis
799 1303 827 1350 et
857 1292 1021 1350 studiorum
1045 1292 1143 1352 sociis.
1193 1292 1312 1365 Quibus
1336 1293 1374 1350 ab

198 1400 305 1458 solutis
328 1411 359 1456 ut
383 1401 422 1458 ad
445 1400 511 1476 ipsa
535 1399 598 1457 eius
633 1399 732 1456 studia
767 1399 967 1458 describenda
1002 1411 1193 1467 revertamur,
1220 1401 1295 1457 inter
1319 1401 1373 1456 hos

199 1509 342 1576 rhetores,
368 1526 492 1582 quorum
513 1507 749 1565 declamationes
772 1508 941 1580 [requenter
957 1507 1060 1565 audire
1077 1507 1204 1574 solebat,
1231 1507 1374 1582 imprimis

198 1615 345 1673 Arellium
364 1616 493 1672 Fuscum
512 1614 600 1671 luisse
625 1615 694 1671 loco
719 1632 813 1688 nuper
829 1615 952 1672 laudato
969 1614 1087 1689 probari
1105 1615 1230 1672 videtur.
1279 1615 1373 1671 Adice

199 1723 281 1779 hunc
306 1723 430 1780 alterurn
456 1723 571 1779 locum:

293 1849 397 1905 solebat
418 1855 511 1918 autem
542 1847 651 1904 Fuscus
673 1867 709 1904 ex
740 1847 857 1918 Vergilio
880 1847 968 1902 rrztrllu
992 1847 1104 1903 trahere
1130 1863 1266 1922 549,13.

310 1973 449 2048 Namque
474 1972 530 2029 nisi
557 1974 683 2030 Fuscum
709 1991 800 2048 saepe
824 1971 995 2038 audivisset,
1031 1973 1108 2028 hanc
1134 1971 1195 2028 eius
1219 1985 1374 2031 consuetu·

201 2082 303 2140 dinem
335 2080 512 2154 cognovisse
538 2081 652 2137 Seneca
685 2079 733 2136 vix
756 2079 861 2154 potuit.
910 2079 1016 2154 Neque
1041 2079 1149 2136 desunt
1174 2081 1240 2148 loci,
1266 2080 1374 2154 quibus

202 2190 319 2247 Seneca
343 2187 381 2245 de
406 2187 595 2244 declamante
612 2186 724 2244 Arellio
748 2187 857 2244 referre
881 2186 1005 2255 videtur,
1032 2205 1108 2260 quae
1133 2186 1197 2262 ipse
1221 2187 1375 2245 audiverat

203 2299 279 2370 380,
292 2315 320 2369 3.
349 2311 463 2370 553,1.
523 2296 622 2368 Atque
647 2294 742 2370 potuit
781 2293 902 2368 quidem
928 2293 1001 2360 fieri,
1025 2303 1056 2350 ut
1081 2294 1211 2350 Arellius
1234 2295 1374 2352 audiente

202 2403 320 2460 Seneca
352 2402 382 2458 in
418 2401 543 2458 aliorunr
580 2401 730 2458 rhetorum
767 2401 878 2458 scholis
900 2401 1092 2458 declamaret.
1151 2402 1265 2458 Tamen
1303 2403 1373 2475 quin

201 2619 268 2675 Illic
292 2617 370 2674 enim
396 2616 538 2675 Ovidium
564 2617 783 2674 declamantem
808 2616 920 2673 audivit
950 2618 1049 2690 133,8
1075 2611 1206 2695 (1348)
1232 2625 1260 2672 et
1284 2635 1374 2690 quen·

202 2726 271 2783 dam
296 2725 460 2782 auditorem
486 2724 583 2792 Fusci,
609 2723 692 2780 cuius
716 2723 823 2798 pudori
850 2723 964 2781 Seneca
988 2723 1083 2798 parcit
1105 2739 1177 2798 553,
1191 2742 1219 2796 3.

310 2852 429 2908 Praeter
459 2851 538 2906 hunc
567 2859 665 2906 autem
701 2859 731 2906 et
765 2850 926 2906 Latronem
961 2849 999 2907 ad
1031 2851 1142 2908 nullum
1169 2851 1284 2907 Seneca
1314 2861 1373 2906 tam

203 2959 373 3032 frequenter
397 2957 559 3016 devertisse
583 2956 699 3014 videtur
724 2975 813 3030 quam
844 2956 882 3012 ad
907 2955 1050 3026 Cestium,
1089 2957 1170 3031 quod
1206 2975 1243 3014 eo
1279 2957 1374 3030 magis

202 3065 371 3124 mirandum
396 3075 481 3132 esset,
508 3063 578 3138 quia
602 3063 694 3121 Cestii
724 3081 822 3138 neque
847 3063 960 3120 amicus
984 3082 1083 3138 neque
1118 3064 1280 3121 admirator
1312 3075 1375 3120 erat

206 3190 317 3246 272,3.
346 3175 418 3247 582,
433 3187 460 3247 5,
486 3173 535 3240 al,
560 3171 618 3228 nisi
643 3171 773 3228 Cestium
800 3170 875 3228 inter
899 3170 1109 3228 celeberrimos
1126 3173 1259 3230 rhetores
1285 3171 1373 3228 fuisse

202 3281 355 3338 sciremus
410 3279 532 3338 Audiuit
557 3290 654 3336 autern
692 3279 772 3352 apud
798 3278 929 3336 Cestium
960 3279 1070 3336 Alfium
1097 3279 1229 3336 Flavium
1270 3296 1372 3353 27‚13

202 3383 255 3467 (cf.
276 3389 407 3465 22o,1o)
423 3398 461 3458 et,
487 3398 646 3462 postquam
664 3387 792 3443 Romam
811 3386 906 3452 rediit,
926 3386 1103 3457 Quintilium
1123 3388 1235 3443 Varum
1262 3389 1373 3458 48,17.

202 3496 308 3570 Neque
325 3495 441 3563 dubit0,
467 3513 650 3569 quamquam
668 3493 784 3551 disertis
800 3493 898 3550 verbis
915 3512 975 3549 non
993 3493 1104 3550 dictum
1130 3505 1182 3560 est,
1208 3493 1280 3568 quin
1305 3493 1374 3549 item

202 3603 267 3678 ipse
281 3602 426 3660 audiverit
446 3601 558 3659 ibidem
571 3602 791 3659 declamantem
806 3602 958 3658 Pastorem
973 3600 1101 3658 Aletium
1116 3620 1201 3675 49,9,
1215 3600 1374 3658 Surdinum

204 3712 338 3785 581,2r,
357 3710 466 3766 Alfium
485 3709 608 3766 Flavum
626 3719 655 3766 et
680 3708 811 3766 Cestium
842 3710 952 3777 181,2,
979 3707 1111 3766 Cestium
1140 3724 1252 3780 272,7.

309 3835 468 3892 Albucium
483 3835 597 3891 Seneca
610 3853 671 3890 non
686 3834 855 3908 frequenter
872 3833 985 3890 audivit
1005 3835 1076 3902 266,
1088 3852 1117 3904 4,
1135 3843 1193 3890 tam
1207 3833 1376 3907 frequenter

201 3953 312 4011 tamen,
350 3951 381 3998 ut
416 3941 478 3999 eius
502 3941 692 3999 declamandi
729 3940 873 3998 rationem
899 3951 1037 3998 accurate
1061 3940 1235 4015 cognoverit
1262 3943 1373 4013 266‚7.

201 4051 301 4124 Atque
325 4068 393 4105 cum
417 4049 455 4106 ad
479 4058 606 4106 secretas
632 4047 739 4104 Albuci
764 4048 990 4106 exercitationes
1015 4048 1127 4106 aditum
1152 4047 1290 4105 habuisse
1315 4067 1374 4105 non

201 4156 337 4214 videatur
364 4158 475 4224 266,6.
505 4158 576 4224 268,
592 4175 616 4224 r,
642 4156 835 4229 consequitur
859 4156 1005 4212 Senecam
1030 4175 1097 4212 euru
1122 4155 1281 4223 audivisse,
1307 4173 1373 4211 cum

202 4265 315 4339 populo
340 4265 522 4322 declamaret
546 4273 596 4320 aut
620 4282 687 4319 curn
712 4262 741 4318 in
766 4262 831 4319 aliis
849 4262 958 4319 scholis
976 4263 1097 4320 diceret.
1145 4263 1251 4336 Neque
1268 4262 1376 4320 desunt

202 4371 272 4443 loci,
298 4371 405 4445 quibus
431 4381 460 4427 ut
485 4370 642 4446 opinemur
658 4370 817 4427 Albucium
843 4370 959 4428 Seneca
976 4369 1116 4427 audiente
1140 4369 1259 4439 dixisse,
1284 4369 1376 4426 nimia

202 4477 330 4536 audacia
354 4497 413 4534 non
440 4497 515 4552 opus
540 4488 583 4534 est
608 4480 685 4547 8r,1
715 4477 776 4554 (lin.
808 4472 916 4554 ¹⁶l17)
943 4479 1066 4551 521,16
1092 4476 1154 4550 (lin.
1183 4471 1305 4559 563,7).

311 4585 370 4660 Qu.
398 4585 551 4643 Haterium
589 4603 621 4642 se
645 4585 823 4660 cognovisse
860 4585 976 4642 Seneca
1010 4584 1074 4658 ipse
1113 4593 1235 4641 testatur
1262 4601 1373 4660 227›9·

1061 4668 1091 4732 3*
