3492 5508
886 412 1112 467 -30-

506 584 683 658 adiuuant,
708 587 786 660 quod
805 587 917 644 animus
940 587 996 644 illis
1020 588 1125 645 nullius
1147 589 1301 646 interuentu
1323 591 1479 647 excutitur:
1510 609 1588 648 nonro

505 693 586 761 ridet,
619 713 697 750 nereio
729 713 764 750 ex
798 694 939 750 industria
973 694 1140 769 obloquitur,
1167 695 1335 769 familiares
1369 704 1435 754 sunt
1464 697 1586 754 omnium

506 801 599 858 uultus
623 818 753 874 370,12,
777 803 808 857 in
823 801 894 875 foro
910 808 1024 876 partem
1050 803 1195 876 accqtinnt,
1221 804 1252 859 in
1277 804 1369 862 scleola
1398 803 1511 875 eloquin,
1534 804 1590 860 illic

506 907 592 963 indici
612 907 806 976 blandiuntur,
830 909 876 964 liic
895 909 1041 983 inponant,¹
1064 909 1120 965 r'llic
1147 911 1221 966 inter
1242 911 1393 984 fremitum
1416 911 1588 968 consonantis

506 1014 604 1070 turbae
626 1015 807 1072 intendendus
829 1016 942 1072 artimus
965 1023 1011 1085 est,
1038 1035 1094 1073 aion
1117 1016 1159 1074 ad
1179 1036 1263 1074 aures
1285 1018 1382 1074 iudicis
1406 1017 1586 1092 perferendo,

507 1123 551 1178 ln'c
571 1140 607 1177 en
629 1121 708 1205 uultu
731 1121 842 1178 dicentis
858 1122 982 1197 pendent
1009 1125 1132 1180 omnium
1165 1124 1260 1182 uultus
1290 1141 1419 1198 372,10.
1468 1123 1586 1181 Brevius

525 1229 645 1286 Cassius
670 1229 813 1288 Severus:

507 1335 624 1393 adsueui
645 1355 699 1394 non
721 1336 876 1394 auditorem
899 1344 1029 1411 spectare,
1053 1338 1103 1394 sed
1121 1338 1246 1406 indicem,
1279 1339 1397 1396 adsuevi
1429 1357 1484 1394 non
1518 1336 1590 1393 utili

509 1443 680 1518 remandare,
705 1443 754 1500 sed
773 1443 958 1514 aduersario,
991 1464 1046 1502 reon
1070 1446 1163 1502 ntirrus
1183 1446 1272 1504 deuito
1300 1456 1473 1522 superuacua
1503 1445 1588 1501 decere

507 1570 593 1624 queam
618 1552 771 1608 eoretraria.
796 1552 825 1607 in
849 1551 1010 1608 scholastica
1034 1553 1107 1626 qued
1126 1570 1181 1610 uon
1212 1561 1415 1628 superuacuum
1445 1560 1493 1620 est,
1527 1568 1587 1608 curn

509 1660 570 1733 ipsa
595 1665 767 1732 sentennacua
791 1660 829 1715 sit
853 1677 948 1733 209,9
976 1704 981 1718 .
1009 1705 1015 1718 .
1044 1706 1049 1717 .
1075 1667 1161 1718 totum
1185 1660 1270 1718 alind
1288 1667 1329 1716 est
1344 1668 1485 1735 pugnare,
1509 1657 1592 1716 aliud

510 1766 645 1823 tieretilare
679 1782 792 1840 209,17
824 1814 829 1824 .
856 1812 862 1823 .
890 1812 896 1824 .
928 1767 1085 1824 adsuerunt
1114 1769 1186 1826 enim
1220 1764 1298 1848 (scil.
1325 1766 1508 1840 scholastici)
1538 1783 1588 1822 siro

509 1873 628 1930 arbitrio
652 1872 750 1929 diserti
770 1892 824 1930 esse
851 1893 956 1944 210,4.

527 1979 623 2038 Adice
648 1980 730 2054 quod
756 1981 974 2038 declamatores
999 1999 1060 2038 non
1085 1982 1240 2053 curabant,
1274 1991 1305 2038 ut
1329 1981 1399 2039 vitia
1433 1981 1586 2047 evitarent,

421 2088 586 2145 dummodo
609 2106 647 2145 ne
672 2087 742 2145 vitia
766 2106 831 2146 esse
857 2099 1021 2163 appareret.
1070 2090 1116 2146 De
1134 2108 1193 2164 qua
1217 2089 1332 2147 ratione
1357 2089 1474 2146 Seneca
1498 2089 1586 2146 dicit:

510 2196 560 2251 lroc
580 2195 697 2269 aequale
721 2197 845 2252 orrtrn'nm
875 2203 922 2263 est,
956 2204 989 2252 ut
1020 2197 1089 2253 uitia
1120 2215 1173 2252 sua
1205 2214 1338 2253 excusare
1370 2195 1472 2252 malint
1501 2215 1588 2270 qnam

510 2302 638 2376 fferam.
686 2303 819 2359 Attnn'us
849 2304 920 2359 enim
956 2322 1010 2360 non
1045 2303 1180 2377 quomoda
1214 2323 1269 2360 non
1303 2310 1371 2360 esset
1403 2303 1588 2371 selrolasticus,

510 2410 671 2483 quaerebat,
695 2409 745 2466 sed
756 2411 892 2484 quomodo
915 2429 970 2467 non
994 2411 1136 2468 videretur
1161 2412 1232 2485 269,
1239 2427 1265 2486 5.

528 2517 658 2573 Tantum
692 2527 790 2574 autem
824 2517 984 2574 discrimen
1017 2517 1092 2574 inter
1125 2517 1278 2576 orationes
1302 2529 1330 2576 et
1354 2517 1590 2576 declamationes

423 2643 487 2682 esse
524 2625 639 2682 Seneca
673 2624 872 2692 existimabat,
911 2635 940 2682 ut
975 2627 1068 2683 Basso
1103 2625 1161 2682 hoc
1187 2624 1281 2700 ipsum
1308 2625 1470 2700 opprobrio
1495 2624 1588 2693 daret,

423 2732 505 2806 quod
519 2730 747 2790 amaritudinem
762 2743 790 2789 et
804 2731 1024 2790 simulationem
1039 2732 1165 2790 actionis
1183 2732 1332 2790 oratoriae
1345 2732 1588 2790 consectabatur:

512 2839 587 2896 utut
615 2846 663 2907 ost,
687 2839 860 2907 indecentius,
893 2859 980 2914 quam
1013 2842 1063 2896 nli
1092 2839 1267 2896 seltolasticns
1289 2840 1402 2914 serunt,
1432 2839 1510 2913 quod
1535 2857 1592 2894 non

512 2948 597 3014 notit,
633 2947 772 3014 inritatur,
809 2948 943 3004 arriubam
974 2949 1069 3021 itaque
1102 2947 1263 3021 Capitonem
1290 2993 1295 3004 .
1323 2993 1329 3004 .
1357 2992 1362 3005 .
1389 2992 1395 3004 .
1431 2947 1503 3004 borea
1529 2945 1593 3020 fide

514 3053 688 3110 scliolasticns
711 3060 775 3112 erat
797 3069 835 3128 45
842 3072 926 3127 3,10.

531 3181 594 3236 lam
630 3197 700 3236 vero
736 3189 869 3237 oratores
906 3179 954 3237 alii
980 3190 1072 3246 erant,
1111 3198 1178 3236 cum
1210 3179 1239 3236 in
1264 3179 1329 3236 foto
1353 3179 1504 3246 dicebant,
1530 3177 1592 3245 alii,

423 3305 490 3344 cum
516 3287 738 3346 declamabant.
786 3286 906 3344 Asinius
930 3287 1026 3344 Pollio

504 3393 642 3468 floridior
670 3401 735 3451 erat
760 3394 909 3468 aliquanto
937 3396 967 3452 in
990 3394 1170 3451 declamando
1192 3413 1279 3468 quam
1310 3395 1340 3450 in
1363 3394 1487 3466 detrudo:
1522 3392 1600 3450 illud

512 3503 635 3560 strictum
659 3503 717 3558 eius
739 3509 766 3558 et
791 3509 921 3576 asperum
956 3509 982 3558 et
1002 3503 1086 3559 nimis
1120 3501 1226 3558 iratum
1257 3501 1366 3572 ingenio
1388 3519 1438 3558 suo
1461 3500 1595 3556 indicium

513 3609 581 3666 adeo
603 3610 734 3678 cessabat,
770 3617 803 3666 ut
835 3611 864 3666 in
899 3609 995 3666 ntultis
1017 3609 1062 3666 illi
1088 3609 1169 3665 nortia
1192 3615 1260 3682 opus
1283 3615 1357 3677 esset,
1382 3626 1455 3682 quae
1477 3607 1513 3664 ab
1535 3608 1597 3681 apso

515 3718 564 3774 zvtx
587 3717 784 3791 thetratauu·
809 3733 879 3790 225,
898 3733 944 3792 15.

534 3843 704 3900 Passienum
730 3853 789 3900 tam
814 3843 897 3900 aride
921 3843 1146 3915 declamavisse‚
1171 3851 1202 3899 ut
1225 3842 1389 3900 secundum
1414 3840 1596 3917 principium

425 3951 521 4009 statim
548 3952 617 4024 suga
649 3950 710 4007 fieti
743 3951 861 4019 soleret,
900 3950 957 4008 iam
983 3950 1121 4007 diximus.
1169 3949 1284 4006 Eodem
1309 3951 1378 4006 loco
1403 3948 1522 4006 Cassius
1546 3947 1597 4005 Se·

426 4077 510 4116 verus
535 4057 614 4114 baud
639 4057 702 4114 scio
727 4077 764 4115 nii
789 4058 827 4115 de
852 4057 994 4116 Passieno
1018 4058 1094 4114 haec
1118 4055 1277 4114 adiecerit:

515 4166 633 4222 miraris
654 4166 768 4222 eundem
803 4185 858 4222 non
893 4184 979 4240 aequo
1001 4165 1065 4222 bene
1087 4164 1241 4221 declamare
1273 4183 1360 4238 quam
1388 4181 1488 4220 causas
1514 4181 1600 4236 agero

514 4279 568 4330 aut
588 4272 701 4328 eundem
725 4292 780 4330 non
804 4279 862 4329 tam
877 4273 941 4330 beru
962 4273 1108 4330 suasorias
1124 4290 1210 4345 quam
1232 4270 1373 4328 iudiciales
1396 4271 1601 4328 controuersias

515 4377 623 4437 de'eerei
649 4399 720 4454 209,
736 4399 763 4438 a.

536 4489 602 4562 lpse
639 4506 708 4544 sero
732 4486 853 4545 Cassius
877 4487 1013 4556 Sevems,
1045 4505 1228 4561 quamquam
1253 4485 1349 4542 ararnio
1373 4484 1501 4552 habebut,
1525 4503 1602 4558 qnae

427 4596 517 4664 illum,
540 4602 573 4652 nt
596 4595 661 4653 lietu
677 4595 845 4652 deelaruaret
863 4595 1034 4652 instruerent
1051 4611 1163 4667 207,4,
1189 4600 1281 4650 tamen
1304 4612 1359 4650 non
1384 4599 1494 4649 tautum
1517 4591 1602 4668 infra
