3492 5508
856 390 1075 446 ..28-

490 586 569 642 lnter
605 584 716 659 primos
751 595 882 642 oratores
917 603 984 642 cum
1021 583 1127 642 Asinio
1164 585 1300 642 Pollione
1339 595 1368 640 et
1407 581 1550 639 Passieno

382 692 513 748 Messala
539 691 684 749 Corvinus
710 691 881 750 nominatur
908 695 1011 761 2ro,8.
1061 692 1171 765 Quem,
1202 711 1269 750 cum
1305 692 1348 748 vir
1382 691 1554 748 exactissimi

381 801 488 870 t'agreaii
505 800 615 873 quidem
639 800 668 856 ia
692 800 770 856 attriti
790 800 947 856 stadzamm
964 809 1059 874 parte,
1083 800 1133 856 sed
1152 799 1256 856 Latini
1288 801 1382 874 atique
1415 798 1551 855 sernranis

381 907 543 964 observater
564 906 789 980 diligentissimus
812 907 929 964 dicatur
959 909 1049 982 156,2
1077 906 1175 964 studia
1191 907 1373 964 scholastica
1390 925 1452 963 non
1468 923 1549 961 cura-

381 1012 458 1070 visse
483 1031 542 1070 non
568 1013 726 1071 verisimile
751 1025 803 1072 est.
859 1016 959 1089 Ipsum
992 1026 1091 1072 tamen
1116 1014 1332 1073 declamavisse
1366 1033 1382 1070 e
1416 1014 1549 1071 Senecae

381 1119 464 1176 libris
489 1121 609 1194 probari
635 1140 694 1178 non
719 1131 826 1196 potest.
881 1123 906 1178 A
938 1141 998 1196 quo
1030 1121 1209 1196 vituperatur
1243 1121 1385 1178 Albucius
1422 1136 1547 1195 155,17,

381 1227 519 1284 laudatur
543 1228 693 1285 Fabianus
723 1245 825 1304 157,7.
876 1230 963 1302 Quae
988 1228 1026 1286 de
1049 1228 1185 1304 Vergilio
1209 1228 1327 1286 disserit
1353 1244 1458 1303 545,1,
1476 1227 1547 1284 talia

382 1344 458 1402 sunt,
494 1341 527 1391 ut
565 1335 640 1393 inter
676 1335 888 1410 disputandum
922 1335 951 1393 in
976 1337 1080 1394 schola
1104 1336 1184 1394 dicta
1208 1355 1273 1393 esse
1297 1335 1423 1410 possint.
1470 1334 1547 1392 Cum

383 1441 515 1499 audisset
548 1444 709 1500 Latronem
746 1443 976 1516 declamantem,
1014 1443 1104 1500 dixit:
1141 1463 1194 1520 saa
1226 1444 1326 1517 lingua
1360 1444 1479 1499 dt'sertas
1509 1447 1551 1496 est

387 1552 489 1624 156,3.
549 1553 573 1606 A
610 1550 751 1608 Gallione
786 1570 853 1608 cum
888 1552 1004 1608 Seneca
1039 1551 1077 1608 ad
1107 1570 1139 1608 se
1168 1550 1306 1608 veniente
1330 1551 1368 1607 ab
1394 1548 1548 1606 auditione

382 1657 495 1715 Nicetis
525 1658 688 1732 quaerebat
712 1659 853 1726 Messala,
877 1659 949 1732 qaid
968 1658 1013 1714 illi
1033 1659 1110 1714 visas
1133 1666 1201 1714 esset
1213 1657 1330 1715 Nicetes.
1382 1657 1478 1714 Gallia
1490 1656 1548 1711 ait:

381 1764 484 1839 „pleaa
512 1765 591 1822 tlea“.
638 1766 766 1822 Messala
789 1785 945 1840 numquam
970 1766 1054 1822 aliter
1075 1765 1154 1822 illam
1178 1766 1214 1822 ab
1236 1766 1304 1822 narii
1324 1765 1445 1822 ltaatinis
1468 1763 1547 1819 autli-

379 1872 451 1928 tr'arte
473 1873 621 1929 vertitatem
645 1874 836 1944 interrogauit,
860 1893 947 1947 qaam
971 1880 1004 1928 tet
1028 1873 1127 1929 diceret
1156 1873 1318 1946 „aaarqaia'
1337 1873 1425 1947 plena
1452 1867 1546 1928 dao.³“

383 1995 397 2053 5
405 1995 488 2052 5o,1.
538 1981 573 2036 Et
598 1979 715 2038 favebat
739 1980 827 2054 igitur
851 1981 982 2037 Messala
1008 1978 1156 2037 Gallionis
1173 1979 1278 2036 studiis
1297 1990 1325 2036 et
1342 1978 1461 2052 saepius
1478 1995 1546 2034 cum

380 2103 416 2142 eo
441 2086 478 2143 de
503 2087 606 2143 schola
630 2087 746 2144 locutus
770 2100 822 2147 est.
871 2087 996 2145 Constat
1020 2087 1108 2160 igitur
1131 2088 1293 2144 Messalam
1310 2085 1414 2144 studiis
1431 2085 1546 2142 schola·

380 2192 460 2249 sticis
484 2212 516 2250 se
540 2212 601 2250 non
626 2194 715 2268 plane
740 2194 925 2251 subduxisse.
981 2194 1075 2266 Quod
1099 2212 1169 2250 vero
1195 2194 1319 2268 Gruppe
1346 2187 1446 2265 dicit¹l
1470 2191 1548 2247 inter

379 2299 557 2374 praecipuos
581 2300 650 2358 artis
675 2301 905 2358 declamatoriae
922 2311 1063 2376 patronos
1080 2319 1146 2358 eum
1163 2300 1263 2368 fuisse,
1289 2301 1423 2358 Senecae
1449 2297 1546 2356 verbis

380 2426 440 2464 non
466 2409 617 2482 probatur.
665 2411 761 2465 Immo
786 2408 809 2465 si
835 2409 890 2466 ista
914 2408 1011 2466 studia
1036 2408 1167 2465 Messala
1190 2418 1348 2482 tantopere
1372 2407 1542 2476 curavisset,

379 2516 472 2572 multo
497 2516 581 2590 plura
606 2516 644 2573 de
669 2535 705 2573 co
730 2517 876 2573 Senecam
901 2526 1083 2572 servaturum
1110 2514 1199 2572 luisse
1222 2515 1339 2589 opinor.

486 2641 681 2714 Maecenatis
717 2642 740 2699 si
776 2643 855 2698 bunc
892 2643 967 2699 inter
1002 2651 1134 2699 oratores
1170 2660 1326 2699 numerare
1356 2643 1399 2698 ias
1424 2649 1477 2709 est,
1513 2639 1543 2696 in

379 2751 513 2808 Senecae
537 2749 619 2806 libris
643 2769 710 2806 raro
735 2750 847 2807 mentio
872 2751 912 2806 fit.
970 2750 1060 2808 Unde
1090 2761 1213 2824 apparet
1246 2768 1313 2806 eum
1347 2759 1397 2806 aut
1430 2749 1542 2806 schola·

380 2856 521 2914 sticorum
563 2857 668 2914 studiis
709 2876 770 2914 non
805 2857 911 2914 favisse
946 2867 995 2914 aut
1039 2876 1106 2914 cum
1138 2858 1255 2914 Seneca
1286 2856 1408 2930 eiusque
1441 2855 1545 2913 amicis

378 2981 443 3020 raro
479 2964 664 3022 convenisse.
713 2966 800 3023 Certe
838 2964 970 3033 Latroni,
1006 2966 1137 3022 Senecae
1171 2964 1269 3021 amico
1303 2963 1543 3022 benevolentiam

377 3090 438 3128 non
463 3071 595 3128 habebat
624 3089 749 3146 159,1o,
785 3091 874 3146 quem
899 3059 958 3129 uria
982 3091 1047 3129 cum
1073 3073 1208 3146 Augusto
1233 3081 1262 3128 et
1287 3071 1421 3145 Agrippa
1445 3070 1543 3127 decla-

376 3188 506 3235 mantem
534 3179 635 3238 audiit.
686 3182 796 3237 Fuscus
821 3193 919 3236 autem
944 3180 1061 3236 solebat
1085 3199 1121 3236 ex
1143 3179 1277 3254 Vergilio
1302 3179 1394 3235 multa
1418 3178 1541 3245 trahere,

377 3295 407 3341 ut
443 3287 612 3343 Maecenati
649 3287 807 3362 imputaret
833 3305 960 3361 549,13.
1022 3287 1114 3359 Quod
1151 3288 1278 3343 Fuscum
1314 3286 1362 3342 vix
1397 3287 1541 3344 facturum

377 3391 467 3450 luisse
491 3405 572 3467 puto,
598 3394 621 3450 si
646 3395 744 3452 studia
760 3394 939 3452 scholastica
957 3395 1120 3452 Maecenas
1135 3393 1259 3450 omnino
1284 3412 1344 3450 non
1370 3393 1540 3450 curavisset.

376 3499 464 3571 Quae
488 3500 526 3556 de
550 3501 683 3576 Vergilio
709 3504 870 3576 Maecenas
895 3501 1007 3559 iudicat
1033 3505 1138 3576 528,2.
1159 3517 1265 3576 545,3,
1283 3500 1313 3557 in
1332 3501 1437 3558 schola
1461 3500 1543 3558 dicta

375 3625 441 3664 esse
464 3620 596 3682 possunt.

482 3716 516 3772 l..
541 3716 687 3787 Vinicius,
712 3717 800 3774 valde
826 3716 950 3776 Fabiani
975 3717 1107 3774 colorem
1132 3716 1279 3791 probabat
1311 3725 1339 3773 et
1363 3715 1401 3773 de
1425 3733 1461 3773 eo
1486 3713 1542 3772 dis·

375 3821 499 3895 putabat
528 3841 652 3896 173,14.

925 3978 988 4035 22.

482 4074 580 4147 Atque
606 4086 635 4131 ttt
672 4084 803 4130 oratores
839 4074 1068 4148 frequentabant
1103 4074 1231 4142 scholas
1273 4073 1312 4130 ita
1347 4073 1385 4130 ad
1421 4071 1543 4146 publica

375 4181 538 4238 certamina
562 4181 786 4239 descendebant
810 4182 952 4240 rhetores.
1001 4181 1169 4238 Videbatur
1192 4191 1290 4238 autem
1308 4180 1408 4236 Tullio
1427 4179 1541 4237 Sabino

375 4289 513 4361 Syriacus
549 4289 673 4346 rhetoris
709 4307 806 4346 mores
842 4289 871 4344 in
907 4287 1019 4344 iudicio
1056 4307 1116 4344 non
1155 4287 1225 4344 satis
1264 4287 1408 4345 celavisse
1432 4303 1540 4361 411,5.

482 4587 502 4653 ¹)
522 4589 625 4653 Gruppe
645 4589 661 4637 l.
681 4589 698 4637 l.
717 4605 774 4651 pag.
796 4597 838 4651 35.
