3492 5508
503 621 573 677 Hoc
597 639 667 678 vero
693 621 794 678 vitium
820 621 959 680 omnibus
984 623 1170 681 scholasticis
1195 641 1355 682 commune
1372 623 1463 681 fuisse
1480 625 1566 681 Mon-

396 736 483 784 tanus
506 727 654 785 Votienus
678 729 760 795 dicit,
786 730 835 803 qui
861 748 928 787 cum
953 731 1068 788 Seneca
1092 731 1258 788 collocutus
1282 731 1340 789 ait:

484 837 557 909 quid
575 836 653 910 quud
671 836 881 894 laudationibus
903 839 1004 895 crebris
1026 839 1199 894 sustinentur
1229 846 1255 895 et
1285 840 1420 896 nzernoria
1453 839 1565 896 illarum

484 943 613 1000 adsueuit
632 945 710 1000 certes
733 945 889 1001 interuallis
911 946 1045 1019 quiescere
1070 947 1176 1018 371,8.

505 1050 565 1107 Sed
591 1051 841 1109 declamatoribus
866 1052 1070 1110 laudationem
1096 1053 1286 1128 captantibus
1305 1053 1484 1111 contrarium
1502 1073 1563 1110 non

395 1175 462 1214 raro
498 1156 617 1215 accidit.
679 1160 822 1216 Marullus
858 1171 937 1217 certe
972 1160 1073 1218 rhetor
1108 1161 1282 1218 declamans
1306 1179 1372 1217 cum
1404 1160 1563 1218 exilitatem

395 1263 538 1320 orationis
557 1283 627 1322 suae
644 1264 804 1340 imputaret
820 1267 1050 1335 controversiae,
1078 1269 1169 1324 Latro
1186 1267 1249 1324 eius
1267 1266 1431 1342 discipulus
1449 1277 1563 1323 contra-

395 1369 529 1429 dicebat:

483 1497 560 1547 „nan
584 1481 747 1538 mehercules
769 1483 813 1538 tui
827 1483 911 1556 pedes
933 1483 1031 1556 spinas
1054 1481 1169 1550 calcant,
1193 1483 1242 1538 scd
1261 1481 1403 1552 liabent‘,·
1425 1489 1452 1538 ct
1471 1483 1563 1538 statim

483 1587 539 1662 ipse
572 1588 678 1644 dicebat
705 1590 862 1657 sententias,
895 1608 969 1663 quere
1002 1587 1143 1663 interponi
1172 1590 1345 1662 argunceutis
1379 1590 1564 1646 cuneuiaxime

484 1693 664 1752 declamantis
687 1697 815 1752 Marulli
829 1703 945 1771 possent
971 1716 1074 1770 13,19.

503 1801 641 1860 Occurrit
665 1803 713 1860 hic
737 1803 840 1861 iterum
866 1803 987 1861 Cassius
1012 1805 1148 1874 Severus,
1186 1805 1235 1879 qui
1260 1803 1380 1860 intravit
1415 1803 1446 1860 in
1482 1803 1561 1861 Cesti

395 1909 538 1976 scholam,
564 1914 630 1966 crim
657 1910 828 1968 recitaturus
853 1921 929 1968 esset
954 1911 984 1968 in
1010 1911 1155 1970 Milonem
1181 1923 1218 1980 et,
1244 1912 1315 1968 dum
1340 1911 1504 1968 exclamat:

483 2017 510 2072 si
530 2016 621 2073 cloaca
645 2037 721 2083 esses,
747 2020 876 2075 maxima
897 2038 966 2076 esses
992 2037 1098 2090 211,4.

395 2121 472 2178 adeo
497 2122 558 2180 eius
597 2126 727 2181 animum
753 2125 943 2200 perturbavit,
970 2137 1000 2182 ut
1023 2125 1140 2183 Cestius
1165 2135 1287 2200 negaret
1311 2144 1342 2182 se
1359 2135 1561 2192 executurum,

394 2227 450 2285 nisi
475 2229 524 2287 ille
548 2230 586 2288 de
610 2231 702 2290 domo
727 2232 843 2290 exisset.

500 2337 586 2396 Peius
611 2339 699 2396 etiam
725 2341 872 2415 praetorio
897 2340 1017 2398 cuidam
1035 2340 1154 2408 accidit,
1187 2339 1247 2414 qui,
1274 2357 1341 2396 cum
1366 2339 1560 2408 declamaret,

394 2443 527 2502 obsceno
552 2447 655 2504 colore
680 2466 747 2505 usus
773 2458 848 2506 erat:

483 2553 617 2610 audiebat
650 2555 729 2612 illum
766 2555 901 2624 Scaurus,
937 2575 992 2612 nari
1025 2553 1148 2613 tantum
1168 2556 1364 2612 disertissimus
1392 2556 1482 2622 haereo,
1517 2555 1568 2610 sed

481 2663 699 2731 eiernustissimus,
724 2665 776 2738 qui
797 2665 902 2720 nullius
925 2683 1060 2738 uniquam
1084 2665 1252 2738 immunitam
1275 2661 1422 2718 stultitiam
1439 2663 1562 2717 transire

473 2777 579 2843 passus
605 2777 653 2838 est,
676 2772 771 2828 statim
804 2770 977 2828 Ouidianum
1004 2771 1079 2826 illud
1097 2772 1212 2846 „inepta
1234 2769 1315 2837 laci“,
1340 2775 1368 2826 et
1388 2769 1433 2825 ille
1459 2767 1563 2825 excidit

481 2893 529 2930 uec
549 2876 625 2932 ultra
650 2877 731 2935 duait.
758 2897 867 2952 42,13.

502 2983 646 3041 Scaurum
672 3003 743 3042 vero
768 3005 829 3042 non
854 2985 939 3042 huius
964 2996 1088 3053 tantum,
1114 2984 1167 3043 sed
1184 2985 1310 3060 plurium
1328 2983 1559 3052 declamantium

394 3088 466 3146 vitia
490 3090 652 3164 castigasse
674 3092 772 3150 verbis
797 3095 870 3167 „qui
891 3093 1017 3148 uullias“
1042 3112 1086 3166 sq.
1113 3092 1264 3167 probatur.

949 3247 1008 3302 10.

499 3359 616 3432 Quibus
642 3361 811 3435 praemissis
836 3379 895 3418 nou
921 3359 1094 3417 mirabimur
1118 3360 1264 3417 interdum
1290 3360 1366 3417 duos
1390 3359 1436 3416 vel
1461 3359 1560 3434 plures

390 3467 523 3524 rhetores
548 3487 658 3542 triagno
683 3487 830 3525 concursu
855 3468 930 3526 inter
947 3487 978 3524 se
1002 3467 1167 3540 disputare,
1186 3486 1312 3540 <litorum
1338 3485 1412 3523 ituris
1437 3467 1559 3523 scholae

391 3573 533 3648 magister
556 3575 672 3632 videtur
696 3595 770 3643 esse,
796 3575 845 3632 alii
871 3575 910 3632 ad
935 3574 1117 3632 audiendum
1143 3573 1327 3632 convenisse.
1384 3576 1429 3631 lta
1460 3574 1558 3648 dispu-

391 3692 487 3737 tantes
504 3681 580 3738 inter
596 3701 627 3739 se
644 3682 840 3740 inducuntur:
860 3682 1001 3749 Blandus,
1020 3683 1119 3750 Latr0,
1139 3683 1241 3749 Bute0,
1257 3681 1414 3738 Passienus
1433 3683 1558 3756 169‚10‚

391 3789 491 3856 Latr0,
518 3789 634 3846 Cestius
660 3791 766 3856 62‚12.
815 3788 977 3857 Fabianus
1002 3790 1103 3856 Latr0,
1138 3787 1267 3866 Asinius
1303 3788 1399 3845 Pollio
1433 3807 1558 3863 143,19.

392 3895 454 3952 Silo
490 3896 660 3974 Pompeius
696 3899 790 3954 Latro
816 3899 944 3970 344,18.
1008 3895 1097 3968 Quae
1132 3895 1350 3970 disputationes
1385 3895 1560 3970 quaratione

395 4003 567 4070 acciderint,
593 4023 648 4078 pro
673 4015 753 4061 certo
779 4004 878 4062 dicere
903 4003 1071 4078 nequimus.
1121 4003 1208 4060 Certe
1233 4003 1271 4060 de
1288 4003 1560 4061 declamationibus

391 4111 498 4168 habitis
516 4110 696 4184 disputatum
716 4131 780 4169 esse
797 4110 1003 4186 cognovimus.
1042 4111 1121 4168 Num
1139 4128 1208 4167 vero
1225 4110 1394 4168 scholastici
1411 4110 1559 4167 interdum

390 4218 449 4274 hoc
473 4236 532 4276 uno
557 4217 694 4287 consilio,
720 4229 750 4276 ut
774 4218 981 4292 disputaretur,
1008 4217 1169 4275 convenire
1194 4217 1272 4274 soliti
1290 4217 1356 4287 sint,
1377 4217 1559 4293 ignoramus

947 4389 1008 4446 11.

498 4504 567 4560 Hac
591 4521 661 4578 ergo
686 4502 861 4577 quaestione
886 4501 996 4560 omissa
1015 4502 1054 4561 ad
1071 4501 1202 4560 Cestium
1220 4511 1352 4560 nostrum
1370 4512 1559 4572 revertamur,

390 4611 429 4673 ad
454 4629 543 4687 quern
568 4611 643 4669 haec
667 4629 786 4686 quoque
809 4610 975 4686 pertinent:
