<?xml version="1.0" encoding="UTF-8"?>
<!DOCTYPE html PUBLIC "-//W3C//DTD XHTML 1.0 Transitional//EN"
    "http://www.w3.org/TR/xhtml1/DTD/xhtml1-transitional.dtd">
<html xmlns="http://www.w3.org/1999/xhtml" xml:lang="en" lang="en">
 <head>
  <title>
</title>
<meta http-equiv="Content-Type" content="text/html;charset=utf-8" />
  <meta name='ocr-system' content='tesseract 3.04.00' />
  <meta name='ocr-capabilities' content='ocr_page ocr_carea ocr_par ocr_line ocrx_word'/>
</head>
<body>
  <div class='ocr_page' id='page_1' title='image "./quaestionesanna00hessgoog_0036.png"; bbox 0 0 3492 5508; ppageno 0'>
   <div class='ocr_carea' id='block_1_1' title="bbox 718 428 937 486">
    <p class='ocr_par' dir='ltr' id='par_1_1' title="bbox 718 428 937 486">
     <span class='ocr_line' id='line_1_1' title="bbox 718 428 937 486; baseline 0 -32"><span class='ocrx_word' id='word_1_1' title='bbox 718 428 937 486; x_wconf 62' lang='lat'><em>„27-</em></span> 
     </span>
    </p>
   </div>
   <div class='ocr_carea' id='block_1_2' title="bbox 240 606 1418 2723">
    <p class='ocr_par' dir='ltr' id='par_1_2' title="bbox 240 606 1410 789">
     <span class='ocr_line' id='line_1_2' title="bbox 241 606 1410 683; baseline 0.001 -19"><span class='ocrx_word' id='word_1_2' title='bbox 241 607 345 674; x_wconf 87' lang='lat' dir='ltr'><em>mavit,</em></span> <span class='ocrx_word' id='word_1_3' title='bbox 383 617 411 665; x_wconf 92' lang='lat' dir='ltr'><em>et</em></span> <span class='ocrx_word' id='word_1_4' title='bbox 446 607 593 681; x_wconf 87' lang='lat' dir='ltr'><em>quasdam</em></span> <span class='ocrx_word' id='word_1_5' title='bbox 629 607 705 666; x_wconf 82' lang='lat' dir='ltr'>dixit</span> <span class='ocrx_word' id='word_1_6' title='bbox 739 606 815 666; x_wconf 88' lang='lat' dir='ltr'><em>inter</em></span> <span class='ocrx_word' id='word_1_7' title='bbox 849 607 1063 683; x_wconf 88' lang='lat' dir='ltr'><em>disputandum</em></span> <span class='ocrx_word' id='word_1_8' title='bbox 1093 607 1256 666; x_wconf 88' lang='lat' dir='ltr'><em>sententias</em></span> <span class='ocrx_word' id='word_1_9' title='bbox 1281 627 1410 682; x_wconf 86' lang='lat'>303·²0·</span> 
     </span>
     <span class='ocr_line' id='line_1_3' title="bbox 240 715 690 789; baseline 0 -17"><span class='ocrx_word' id='word_1_10' title='bbox 240 716 328 783; x_wconf 87' lang='lat' dir='ltr'><em>Item,</em></span> <span class='ocrx_word' id='word_1_11' title='bbox 354 716 436 789; x_wconf 88' lang='lat' dir='ltr'><em>quod</em></span> <span class='ocrx_word' id='word_1_12' title='bbox 461 715 577 773; x_wconf 86' lang='lat' dir='ltr'>Seneca</span> <span class='ocrx_word' id='word_1_13' title='bbox 600 715 690 774; x_wconf 88' lang='lat' dir='ltr'><em>dicit:</em></span> 
     </span>
    </p>

    <p class='ocr_par' dir='ltr' id='par_1_3' title="bbox 339 822 1414 900">
     <span class='ocr_line' id='line_1_4' title="bbox 339 822 1414 900; baseline 0 -20"><span class='ocrx_word' id='word_1_14' title='bbox 339 823 454 880; x_wconf 81' lang='lat' dir='ltr'><em>Cassius</em></span> <span class='ocrx_word' id='word_1_15' title='bbox 487 823 605 880; x_wconf 82' lang='lat' dir='ltr'><em>Seuerus</em></span> <span class='ocrx_word' id='word_1_16' title='bbox 636 824 767 880; x_wconf 84' lang='lat' dir='ltr'><em>dixerut:</em></span> <span class='ocrx_word' id='word_1_17' title='bbox 799 823 906 880; x_wconf 82' lang='lat' dir='ltr'><em>ostendo</em></span> <span class='ocrx_word' id='word_1_18' title='bbox 936 823 1012 880; x_wconf 82' lang='lat' dir='ltr'><em>nobis</em></span> <span class='ocrx_word' id='word_1_19' title='bbox 1042 824 1162 897; x_wconf 80' lang='lat' dir='ltr'><em>captibos</em></span> <span class='ocrx_word' id='word_1_20' title='bbox 1195 830 1263 880; x_wconf 85' lang='lat' dir='ltr'><em>loos.</em></span> <span class='ocrx_word' id='word_1_21' title='bbox 1314 822 1414 900; x_wconf 88' lang='lat' dir='ltr'><em>Julius</em></span> 
     </span>
    </p>

    <p class='ocr_par' dir='ltr' id='par_1_4' title="bbox 334 930 1414 988">
     <span class='ocr_line' id='line_1_5' title="bbox 334 930 1414 988; baseline -0.001 -1"><span class='ocrx_word' id='word_1_22' title='bbox 334 931 444 987; x_wconf 81' lang='lat' dir='ltr'><em>Bassus</em></span> <span class='ocrx_word' id='word_1_23' title='bbox 466 930 597 988; x_wconf 69' lang='lat' dir='ltr'><em>deiceret:</em></span> <span class='ocrx_word' id='word_1_24' title='bbox 626 931 733 988; x_wconf 78' lang='lat' dir='ltr'><em>ostende</em></span> <span class='ocrx_word' id='word_1_25' title='bbox 763 930 944 987; x_wconf 77' lang='lat' dir='ltr'><em>mercedarios</em></span> <span class='ocrx_word' id='word_1_26' title='bbox 967 937 1036 988; x_wconf 85' lang='lat' dir='ltr'><em>tuos.</em></span> <span class='ocrx_word' id='word_1_27' title='bbox 1084 930 1226 987; x_wconf 82' lang='lat' dir='ltr'><em>Labienus</em></span> <span class='ocrx_word' id='word_1_28' title='bbox 1249 930 1414 987; x_wconf 82' lang='lat' dir='ltr'><em>commodius</em></span> 
     </span>
    </p>

    <p class='ocr_par' dir='ltr' id='par_1_5' title="bbox 242 1037 1418 2614">
     <span class='ocr_line' id='line_1_6' title="bbox 334 1037 1245 1111; baseline 0.001 -18"><span class='ocrx_word' id='word_1_29' title='bbox 334 1037 482 1094; x_wconf 82' lang='lat' dir='ltr'><em>uidebatur</em></span> <span class='ocrx_word' id='word_1_30' title='bbox 505 1038 624 1095; x_wconf 82' lang='lat' dir='ltr'><em>dixisse:</em></span> <span class='ocrx_word' id='word_1_31' title='bbox 647 1038 754 1095; x_wconf 82' lang='lat' dir='ltr'><em>ostende</em></span> <span class='ocrx_word' id='word_1_32' title='bbox 777 1038 854 1094; x_wconf 87' lang='lat' dir='ltr'><em>uobis</em></span> <span class='ocrx_word' id='word_1_33' title='bbox 877 1037 1007 1094; x_wconf 86' lang='lat' dir='ltr'><em>alumnos</em></span> <span class='ocrx_word' id='word_1_34' title='bbox 1030 1045 1091 1095; x_wconf 76' lang='lat' dir='ltr'><em>tuos</em></span> <span class='ocrx_word' id='word_1_35' title='bbox 1115 1040 1245 1111; x_wconf 83' lang='lat' dir='ltr'><em>492,r8,</em></span> 
     </span>
     <span class='ocr_line' id='line_1_7' title="bbox 242 1143 1412 1219; baseline -0.002 -17"><span class='ocrx_word' id='word_1_36' title='bbox 242 1145 284 1202; x_wconf 89' lang='lat' dir='ltr'><em>de</em></span> <span class='ocrx_word' id='word_1_37' title='bbox 309 1143 492 1219; x_wconf 89' lang='lat' dir='ltr'><em>disputando</em></span> <span class='ocrx_word' id='word_1_38' title='bbox 516 1163 686 1202; x_wconf 89' lang='lat' dir='ltr'><em>sermonem</em></span> <span class='ocrx_word' id='word_1_39' title='bbox 711 1162 776 1202; x_wconf 89' lang='lat' dir='ltr'><em>esse</em></span> <span class='ocrx_word' id='word_1_40' title='bbox 799 1143 946 1201; x_wconf 85' lang='lat' dir='ltr'><em>existimo¹</em></span> <span class='ocrx_word' id='word_1_41' title='bbox 995 1145 1093 1212; x_wconf 84' lang='lat' dir='ltr'><em>Certe,</em></span> <span class='ocrx_word' id='word_1_42' title='bbox 1128 1163 1194 1201; x_wconf 89' lang='lat' dir='ltr'><em>cnm</em></span> <span class='ocrx_word' id='word_1_43' title='bbox 1219 1143 1339 1202; x_wconf 85' lang='lat' dir='ltr'><em>Cassius</em></span> <span class='ocrx_word' id='word_1_44' title='bbox 1364 1145 1412 1200; x_wconf 87' lang='lat' dir='ltr'><em>Se-</em></span> 
     </span>
     <span class='ocr_line' id='line_1_8' title="bbox 242 1227 1412 1321; baseline 0.003 -14"><span class='ocrx_word' id='word_1_45' title='bbox 242 1269 331 1309; x_wconf 88' lang='lat' dir='ltr'><em>verus</em></span> <span class='ocrx_word' id='word_1_46' title='bbox 367 1227 432 1309; x_wconf 85' lang='lat' dir='ltr'><em>non¹</em></span> <span class='ocrx_word' id='word_1_47' title='bbox 464 1251 678 1310; x_wconf 79' lang='lat' dir='ltr'><em>declamaverit</em></span> <span class='ocrx_word' id='word_1_48' title='bbox 713 1251 768 1309; x_wconf 93' lang='lat' dir='ltr'><em>nisi</em></span> <span class='ocrx_word' id='word_1_49' title='bbox 805 1251 1041 1310; x_wconf 82' lang='lat' dir='ltr'><em>familiarissimis</em></span> <span class='ocrx_word' id='word_1_50' title='bbox 1079 1251 1269 1310; x_wconf 84' lang='lat' dir='ltr'><em>audientibus</em></span> <span class='ocrx_word' id='word_1_51' title='bbox 1308 1255 1412 1321; x_wconf 89' lang='lat'><em>212,8,</em></span> 
     </span>
     <span class='ocr_line' id='line_1_9' title="bbox 242 1358 1414 1434; baseline 0 -18"><span class='ocrx_word' id='word_1_52' title='bbox 242 1358 326 1416; x_wconf 88' lang='lat' dir='ltr'><em>idem</em></span> <span class='ocrx_word' id='word_1_53' title='bbox 361 1369 460 1416; x_wconf 89' lang='lat' dir='ltr'><em>autem</em></span> <span class='ocrx_word' id='word_1_54' title='bbox 495 1358 581 1418; x_wconf 91' lang='lat' dir='ltr'><em>suerit</em></span> <span class='ocrx_word' id='word_1_55' title='bbox 616 1359 707 1416; x_wconf 88' lang='lat' dir='ltr'><em>homo</em></span> <span class='ocrx_word' id='word_1_56' title='bbox 733 1359 868 1417; x_wconf 82' lang='lat' dir='ltr'><em>Labieno</em></span> <span class='ocrx_word' id='word_1_57' title='bbox 901 1358 1096 1416; x_wconf 86' lang='lat' dir='ltr'><em>invisissimus</em></span> <span class='ocrx_word' id='word_1_58' title='bbox 1121 1375 1228 1434; x_wconf 83' lang='lat'><em>451,4,</em></span> <span class='ocrx_word' id='word_1_59' title='bbox 1266 1358 1328 1416; x_wconf 87' lang='lat' dir='ltr'><em>fieri</em></span> <span class='ocrx_word' id='word_1_60' title='bbox 1353 1379 1414 1417; x_wconf 93' lang='lat' dir='ltr'><em>non</em></span> 
     </span>
     <span class='ocr_line' id='line_1_10' title="bbox 242 1465 1414 1544; baseline 0.002 -22"><span class='ocrx_word' id='word_1_61' title='bbox 242 1465 351 1542; x_wconf 86' lang='lat' dir='ltr'><em>potuit,</em></span> <span class='ocrx_word' id='word_1_62' title='bbox 370 1477 400 1523; x_wconf 89' lang='lat' dir='ltr'><em>ut</em></span> <span class='ocrx_word' id='word_1_63' title='bbox 417 1465 538 1524; x_wconf 87' lang='lat' dir='ltr'><em>Cassius</em></span> <span class='ocrx_word' id='word_1_64' title='bbox 554 1470 679 1544; x_wconf 65' lang='lat' dir='ltr'><em>Severus</em></span> <span class='ocrx_word' id='word_1_65' title='bbox 695 1465 835 1524; x_wconf 85' lang='lat' dir='ltr'><em>audiente</em></span> <span class='ocrx_word' id='word_1_66' title='bbox 853 1466 988 1524; x_wconf 90' lang='lat' dir='ltr'><em>Labieno</em></span> <span class='ocrx_word' id='word_1_67' title='bbox 1005 1467 1194 1524; x_wconf 81' lang='lat' dir='ltr'><em>declamaret.</em></span> <span class='ocrx_word' id='word_1_68' title='bbox 1243 1466 1291 1522; x_wconf 95' lang='lat' dir='ltr'><em>Ab</em></span> <span class='ocrx_word' id='word_1_69' title='bbox 1308 1465 1414 1524; x_wconf 88' lang='lat' dir='ltr'><em>Asinio</em></span> 
     </span>
     <span class='ocr_line' id='line_1_11' title="bbox 245 1573 1413 1648; baseline 0.001 -19"><span class='ocrx_word' id='word_1_70' title='bbox 245 1573 383 1630; x_wconf 89' lang='lat' dir='ltr'><em>Pollione</em></span> <span class='ocrx_word' id='word_1_71' title='bbox 408 1573 592 1648; x_wconf 88' lang='lat' dir='ltr'><em>improbatur</em></span> <span class='ocrx_word' id='word_1_72' title='bbox 615 1575 699 1632; x_wconf 89' lang='lat' dir='ltr'><em>color</em></span> <span class='ocrx_word' id='word_1_73' title='bbox 723 1573 831 1631; x_wconf 90' lang='lat' dir='ltr'><em>Triarii</em></span> <span class='ocrx_word' id='word_1_74' title='bbox 861 1577 987 1645; x_wconf 89' lang='lat'><em>148,11,</em></span> <span class='ocrx_word' id='word_1_75' title='bbox 1013 1573 1121 1631; x_wconf 89' lang='lat' dir='ltr'><em>divisio</em></span> <span class='ocrx_word' id='word_1_76' title='bbox 1147 1573 1289 1631; x_wconf 90' lang='lat' dir='ltr'><em>Bnteonis</em></span> <span class='ocrx_word' id='word_1_77' title='bbox 1307 1576 1413 1647; x_wconf 83' lang='lat' dir='ltr'><em>306,o.</em></span> 
     </span>
     <span class='ocr_line' id='line_1_12' title="bbox 244 1680 1415 1755; baseline 0 -18"><span class='ocrx_word' id='word_1_78' title='bbox 244 1680 341 1737; x_wconf 90' lang='lat' dir='ltr'><em>Arelli</em></span> <span class='ocrx_word' id='word_1_79' title='bbox 367 1680 453 1738; x_wconf 88' lang='lat' dir='ltr'><em>Fusci</em></span> <span class='ocrx_word' id='word_1_80' title='bbox 474 1697 488 1755; x_wconf 86' lang='lat'><strong>5</strong></span> <span class='ocrx_word' id='word_1_81' title='bbox 495 1699 602 1755; x_wconf 86' lang='lat'><em>37,19.</em></span> <span class='ocrx_word' id='word_1_82' title='bbox 650 1681 734 1739; x_wconf 85' lang='lat' dir='ltr'><em>Idem</em></span> <span class='ocrx_word' id='word_1_83' title='bbox 753 1681 864 1738; x_wconf 91' lang='lat' dir='ltr'><em>Albuci</em></span> <span class='ocrx_word' id='word_1_84' title='bbox 881 1681 1043 1738; x_wconf 88' lang='lat' dir='ltr'><em>sententias</em></span> <span class='ocrx_word' id='word_1_85' title='bbox 1060 1682 1143 1739; x_wconf 89' lang='lat' dir='ltr'><em>albas</em></span> <span class='ocrx_word' id='word_1_86' title='bbox 1162 1681 1290 1738; x_wconf 87' lang='lat' dir='ltr'><em>vocabat</em></span> <span class='ocrx_word' id='word_1_87' title='bbox 1309 1682 1415 1755; x_wconf 82' lang='lat'><em>268,3,</em></span> 
     </span>
     <span class='ocr_line' id='line_1_13' title="bbox 245 1787 1415 1864; baseline 0.002 -20"><span class='ocrx_word' id='word_1_88' title='bbox 245 1787 348 1844; x_wconf 91' lang='lat' dir='ltr'><em>aiebat</em></span> <span class='ocrx_word' id='word_1_89' title='bbox 385 1788 480 1846; x_wconf 91' lang='lat' dir='ltr'><em>ridere</em></span> <span class='ocrx_word' id='word_1_90' title='bbox 516 1808 557 1858; x_wconf 92' lang='lat' dir='ltr'><em>se,</em></span> <span class='ocrx_word' id='word_1_91' title='bbox 602 1789 685 1863; x_wconf 87' lang='lat' dir='ltr'><em>quod</em></span> <span class='ocrx_word' id='word_1_92' title='bbox 721 1789 937 1847; x_wconf 87' lang='lat' dir='ltr'><em>declamatores</em></span> <span class='ocrx_word' id='word_1_93' title='bbox 973 1788 1175 1846; x_wconf 87' lang='lat' dir='ltr'><em>decrevissent</em></span> <span class='ocrx_word' id='word_1_94' title='bbox 1210 1789 1288 1844; x_wconf 87' lang='lat' dir='ltr'><em>bunc</em></span> <span class='ocrx_word' id='word_1_95' title='bbox 1316 1788 1415 1864; x_wconf 89' lang='lat' dir='ltr'><em>utique</em></span> 
     </span>
     <span class='ocr_line' id='line_1_14' title="bbox 245 1887 1416 1970; baseline 0 -18"><span class='ocrx_word' id='word_1_96' title='bbox 245 1887 421 1970; x_wconf 79' lang='lat' dir='ltr'><em>empticium</em></span> <span class='ocrx_word' id='word_1_97' title='bbox 446 1914 511 1953; x_wconf 91' lang='lat' dir='ltr'><em>esse</em></span> <span class='ocrx_word' id='word_1_98' title='bbox 536 1914 665 1970; x_wconf 83' lang='lat'><em>329,17,</em></span> <span class='ocrx_word' id='word_1_99' title='bbox 698 1895 780 1953; x_wconf 94' lang='lat' dir='ltr'><em>Vibii</em></span> <span class='ocrx_word' id='word_1_100' title='bbox 804 1896 873 1953; x_wconf 88' lang='lat' dir='ltr'><em>Rufi</em></span> <span class='ocrx_word' id='word_1_101' title='bbox 899 1895 1077 1954; x_wconf 88' lang='lat' dir='ltr'><em>sententiam</em></span> <span class='ocrx_word' id='word_1_102' title='bbox 1102 1896 1203 1953; x_wconf 88' lang='lat' dir='ltr'><em>aiebat</em></span> <span class='ocrx_word' id='word_1_103' title='bbox 1227 1915 1258 1953; x_wconf 90' lang='lat' dir='ltr'><em>se</em></span> <span class='ocrx_word' id='word_1_104' title='bbox 1284 1895 1416 1970; x_wconf 88' lang='lat' dir='ltr'><em>recipere</em></span> 
     </span>
     <span class='ocr_line' id='line_1_15' title="bbox 246 2003 1417 2078; baseline 0.002 -20"><span class='ocrx_word' id='word_1_105' title='bbox 246 2019 378 2078; x_wconf 63' lang='lat'><em>393215·</em></span> <span class='ocrx_word' id='word_1_106' title='bbox 426 2005 507 2061; x_wconf 89' lang='lat' dir='ltr'><em>Inter</em></span> <span class='ocrx_word' id='word_1_107' title='bbox 522 2003 737 2078; x_wconf 89' lang='lat' dir='ltr'><em>disputandum</em></span> <span class='ocrx_word' id='word_1_108' title='bbox 755 2003 881 2060; x_wconf 89' lang='lat' dir='ltr'><em>Fabiani</em></span> <span class='ocrx_word' id='word_1_109' title='bbox 897 2003 1075 2061; x_wconf 89' lang='lat' dir='ltr'><em>divisionem</em></span> <span class='ocrx_word' id='word_1_110' title='bbox 1093 2023 1111 2060; x_wconf 92' lang='lat' dir='ltr'><em>a</em></span> <span class='ocrx_word' id='word_1_111' title='bbox 1127 2005 1257 2062; x_wconf 86' lang='lat' dir='ltr'><em>Latrone</em></span> <span class='ocrx_word' id='word_1_112' title='bbox 1282 2003 1417 2061; x_wconf 79' lang='lat' dir='ltr'><em>defendit</em></span> 
     </span>
     <span class='ocr_line' id='line_1_16' title="bbox 251 2111 1417 2186; baseline 0.001 -20"><span class='ocrx_word' id='word_1_113' title='bbox 251 2129 380 2182; x_wconf 82' lang='lat'><em>144,14,</em></span> <span class='ocrx_word' id='word_1_114' title='bbox 417 2111 571 2186; x_wconf 88' lang='lat' dir='ltr'><em>disputans</em></span> <span class='ocrx_word' id='word_1_115' title='bbox 605 2111 753 2168; x_wconf 88' lang='lat' dir='ltr'><em>inducitur</em></span> <span class='ocrx_word' id='word_1_116' title='bbox 791 2113 915 2184; x_wconf 84' lang='lat'><em>167,14,</em></span> <span class='ocrx_word' id='word_1_117' title='bbox 952 2111 1077 2168; x_wconf 85' lang='lat' dir='ltr'><em>fortasse</em></span> <span class='ocrx_word' id='word_1_118' title='bbox 1112 2129 1178 2168; x_wconf 91' lang='lat' dir='ltr'><em>cum</em></span> <span class='ocrx_word' id='word_1_119' title='bbox 1215 2111 1355 2169; x_wconf 87' lang='lat' dir='ltr'><em>Gallione</em></span> <span class='ocrx_word' id='word_1_120' title='bbox 1388 2123 1417 2167; x_wconf 90' lang='lat' dir='ltr'><em>et</em></span> 
     </span>
     <span class='ocr_line' id='line_1_17' title="bbox 246 2216 1418 2294; baseline 0 -20"><span class='ocrx_word' id='word_1_121' title='bbox 246 2216 396 2291; x_wconf 85' lang='lat' dir='ltr'><em>Dionysio</em></span> <span class='ocrx_word' id='word_1_122' title='bbox 422 2219 530 2276; x_wconf 91' lang='lat' dir='ltr'><em>Attico.</em></span> <span class='ocrx_word' id='word_1_123' title='bbox 578 2218 661 2276; x_wconf 89' lang='lat' dir='ltr'><em>Idem</em></span> <span class='ocrx_word' id='word_1_124' title='bbox 687 2237 754 2276; x_wconf 84' lang='lat' dir='ltr'><em>curn</em></span> <span class='ocrx_word' id='word_1_125' title='bbox 779 2218 887 2293; x_wconf 89' lang='lat' dir='ltr'><em>quibus</em></span> <span class='ocrx_word' id='word_1_126' title='bbox 912 2217 1114 2293; x_wconf 87' lang='lat' dir='ltr'><em>disputaverit,</em></span> <span class='ocrx_word' id='word_1_127' title='bbox 1140 2237 1200 2276; x_wconf 92' lang='lat' dir='ltr'><em>non</em></span> <span class='ocrx_word' id='word_1_128' title='bbox 1226 2218 1418 2294; x_wconf 83' lang='lat' dir='ltr'><em>cognoscitur</em></span> 
     </span>
     <span class='ocr_line' id='line_1_18' title="bbox 250 2325 1415 2401; baseline -0.001 -20"><span class='ocrx_word' id='word_1_129' title='bbox 250 2345 265 2381; x_wconf 93' lang='lat'>2</span> <span class='ocrx_word' id='word_1_130' title='bbox 273 2343 357 2398; x_wconf 81' lang='lat'><em>34,7,</em></span> <span class='ocrx_word' id='word_1_131' title='bbox 392 2343 496 2400; x_wconf 83' lang='lat'>237‚1.</span> <span class='ocrx_word' id='word_1_132' title='bbox 527 2326 640 2384; x_wconf 88' lang='lat' dir='ltr'><em>Contra</em></span> <span class='ocrx_word' id='word_1_133' title='bbox 657 2326 802 2401; x_wconf 92' lang='lat' dir='ltr'><em>Hisponis</em></span> <span class='ocrx_word' id='word_1_134' title='bbox 820 2325 962 2394; x_wconf 88' lang='lat' dir='ltr'><em>Romani,</em></span> <span class='ocrx_word' id='word_1_135' title='bbox 988 2326 1111 2401; x_wconf 88' lang='lat' dir='ltr'><em>Pompei</em></span> <span class='ocrx_word' id='word_1_136' title='bbox 1129 2325 1249 2392; x_wconf 84' lang='lat' dir='ltr'><em>Silonis,</em></span> <span class='ocrx_word' id='word_1_137' title='bbox 1268 2325 1415 2392; x_wconf 89' lang='lat' dir='ltr'><em>Latronis,</em></span> 
     </span>
     <span class='ocr_line' id='line_1_19' title="bbox 247 2432 1417 2508; baseline -0.003 -18"><span class='ocrx_word' id='word_1_138' title='bbox 247 2432 342 2490; x_wconf 88' lang='lat' dir='ltr'><em>Cestii</em></span> <span class='ocrx_word' id='word_1_139' title='bbox 380 2433 497 2491; x_wconf 90' lang='lat' dir='ltr'><em>colores</em></span> <span class='ocrx_word' id='word_1_140' title='bbox 532 2433 663 2508; x_wconf 88' lang='lat' dir='ltr'><em>disputat</em></span> <span class='ocrx_word' id='word_1_141' title='bbox 700 2435 805 2507; x_wconf 85' lang='lat'>238.6.</span> <span class='ocrx_word' id='word_1_142' title='bbox 866 2433 937 2506; x_wconf 88' lang='lat' dir='ltr'><em>Quo</em></span> <span class='ocrx_word' id='word_1_143' title='bbox 973 2434 1042 2492; x_wconf 90' lang='lat' dir='ltr'><em>loco</em></span> <span class='ocrx_word' id='word_1_144' title='bbox 1078 2434 1157 2492; x_wconf 88' lang='lat' dir='ltr'><em>haud</em></span> <span class='ocrx_word' id='word_1_145' title='bbox 1194 2433 1257 2491; x_wconf 89' lang='lat' dir='ltr'><em>scio</em></span> <span class='ocrx_word' id='word_1_146' title='bbox 1291 2451 1328 2490; x_wconf 92' lang='lat' dir='ltr'><em>an</em></span> <span class='ocrx_word' id='word_1_147' title='bbox 1354 2432 1417 2506; x_wconf 91' lang='lat' dir='ltr'><em>ipse</em></span> 
     </span>
     <span class='ocr_line' id='line_1_20' title="bbox 247 2540 1020 2614; baseline 0.003 -18"><span class='ocrx_word' id='word_1_148' title='bbox 247 2557 371 2614; x_wconf 87' lang='lat' dir='ltr'><em>quoque</em></span> <span class='ocrx_word' id='word_1_149' title='bbox 395 2540 616 2608; x_wconf 86' lang='lat' dir='ltr'><em>declamaverit,</em></span> <span class='ocrx_word' id='word_1_150' title='bbox 642 2560 708 2598; x_wconf 86' lang='lat' dir='ltr'><em>curn</em></span> <span class='ocrx_word' id='word_1_151' title='bbox 734 2540 825 2598; x_wconf 87' lang='lat' dir='ltr'><em>verba</em></span> <span class='ocrx_word' id='word_1_152' title='bbox 850 2541 924 2598; x_wconf 88' lang='lat' dir='ltr'><em>haec</em></span> <span class='ocrx_word' id='word_1_153' title='bbox 947 2540 1020 2599; x_wconf 90' lang='lat' dir='ltr'><em>sint:</em></span> 
     </span>
    </p>

    <p class='ocr_par' dir='ltr' id='par_1_6' title="bbox 339 2648 993 2723">
     <span class='ocr_line' id='line_1_21' title="bbox 339 2648 993 2723; baseline 0.002 -19"><span class='ocrx_word' id='word_1_154' title='bbox 339 2649 395 2723; x_wconf 80' lang='lat' dir='ltr'><em>ipse</em></span> <span class='ocrx_word' id='word_1_155' title='bbox 418 2655 511 2705; x_wconf 87' lang='lat' dir='ltr'><em>autem</em></span> <span class='ocrx_word' id='word_1_156' title='bbox 534 2649 585 2705; x_wconf 81' lang='lat' dir='ltr'><em>hoc</em></span> <span class='ocrx_word' id='word_1_157' title='bbox 604 2648 690 2706; x_wconf 85' lang='lat' dir='ltr'><em>coloro</em></span> <span class='ocrx_word' id='word_1_158' title='bbox 713 2667 781 2706; x_wconf 89' lang='lat' dir='ltr'><em>usus</em></span> <span class='ocrx_word' id='word_1_159' title='bbox 803 2655 843 2705; x_wconf 83' lang='lat' dir='ltr'><em>est</em></span> <span class='ocrx_word' id='word_1_160' title='bbox 867 2667 881 2705; x_wconf 87' lang='lat'>2</span> <span class='ocrx_word' id='word_1_161' title='bbox 887 2651 993 2722; x_wconf 85' lang='lat'><em>38,14.</em></span> 
     </span>
    </p>
   </div>
   <div class='ocr_carea' id='block_1_3' title="bbox 249 2773 1418 3172">
    <p class='ocr_par' dir='ltr' id='par_1_7' title="bbox 249 2773 1418 3172">
     <span class='ocr_line' id='line_1_22' title="bbox 357 2773 1418 2832; baseline -0.002 -1"><span class='ocrx_word' id='word_1_162' title='bbox 357 2775 384 2831; x_wconf 91' lang='lat' dir='ltr'><em>Is</em></span> <span class='ocrx_word' id='word_1_163' title='bbox 416 2773 506 2832; x_wconf 88' lang='lat' dir='ltr'><em>etiam</em></span> <span class='ocrx_word' id='word_1_164' title='bbox 542 2774 734 2832; x_wconf 89' lang='lat' dir='ltr'><em>occasionem</em></span> <span class='ocrx_word' id='word_1_165' title='bbox 770 2773 956 2832; x_wconf 89' lang='lat' dir='ltr'><em>scholasticis</em></span> <span class='ocrx_word' id='word_1_166' title='bbox 993 2774 1112 2832; x_wconf 88' lang='lat' dir='ltr'><em>alterins</em></span> <span class='ocrx_word' id='word_1_167' title='bbox 1147 2773 1299 2832; x_wconf 89' lang='lat' dir='ltr'><em>suasoriae</em></span> <span class='ocrx_word' id='word_1_168' title='bbox 1334 2773 1418 2830; x_wconf 89' lang='lat' dir='ltr'><em>dedit</em></span> 
     </span>
     <span class='ocr_line' id='line_1_23' title="bbox 252 2881 1418 2957; baseline 0 -19"><span class='ocrx_word' id='word_1_169' title='bbox 252 2883 361 2956; x_wconf 83' lang='lat'><strong>566,5.</strong></span> <span class='ocrx_word' id='word_1_170' title='bbox 410 2883 547 2950; x_wconf 79' lang='lat' dir='ltr'><em>ScauruS,</em></span> <span class='ocrx_word' id='word_1_171' title='bbox 573 2882 624 2956; x_wconf 91' lang='lat' dir='ltr'><em>qui</em></span> <span class='ocrx_word' id='word_1_172' title='bbox 648 2881 757 2939; x_wconf 88' lang='lat' dir='ltr'><em>nullius</em></span> <span class='ocrx_word' id='word_1_173' title='bbox 781 2900 912 2957; x_wconf 90' lang='lat' dir='ltr'><em>unquam</em></span> <span class='ocrx_word' id='word_1_174' title='bbox 931 2882 1107 2957; x_wconf 86' lang='lat' dir='ltr'><em>impunitam</em></span> <span class='ocrx_word' id='word_1_175' title='bbox 1125 2881 1276 2939; x_wconf 87' lang='lat' dir='ltr'><em>stultitiam</em></span> <span class='ocrx_word' id='word_1_176' title='bbox 1294 2881 1418 2938; x_wconf 88' lang='lat' dir='ltr'><em>transire</em></span> 
     </span>
     <span class='ocr_line' id='line_1_24' title="bbox 249 2988 1418 3064; baseline 0 -20"><span class='ocrx_word' id='word_1_177' title='bbox 249 3007 356 3064; x_wconf 89' lang='lat' dir='ltr'><em>passus</em></span> <span class='ocrx_word' id='word_1_178' title='bbox 392 3000 444 3058; x_wconf 85' lang='lat' dir='ltr'><em>est,</em></span> <span class='ocrx_word' id='word_1_179' title='bbox 482 2988 623 3047; x_wconf 88' lang='lat' dir='ltr'><em>audiebat</em></span> <span class='ocrx_word' id='word_1_180' title='bbox 659 2990 809 3064; x_wconf 87' lang='lat' dir='ltr'><em>quendam</em></span> <span class='ocrx_word' id='word_1_181' title='bbox 847 2989 1027 3064; x_wconf 89' lang='lat' dir='ltr'><em>praetorium</em></span> <span class='ocrx_word' id='word_1_182' title='bbox 1052 2990 1271 3047; x_wconf 87' lang='lat' dir='ltr'><em>declamantem</em></span> <span class='ocrx_word' id='word_1_183' title='bbox 1298 3000 1326 3046; x_wconf 85' lang='lat' dir='ltr'><em>et</em></span> <span class='ocrx_word' id='word_1_184' title='bbox 1350 2989 1418 3045; x_wconf 89' lang='lat' dir='ltr'><em>loco</em></span> 
     </span>
     <span class='ocr_line' id='line_1_25' title="bbox 250 3083 1418 3172; baseline -0.001 -19"><span class='ocrx_word' id='word_1_185' title='bbox 250 3096 386 3154; x_wconf 90' lang='lat' dir='ltr'><em>obsceno</em></span> <span class='ocrx_word' id='word_1_186' title='bbox 411 3106 553 3164; x_wconf 90' lang='lat' dir='ltr'><em>utentem,</em></span> <span class='ocrx_word' id='word_1_187' title='bbox 580 3096 678 3154; x_wconf 88' lang='lat' dir='ltr'><em>statim</em></span> <span class='ocrx_word' id='word_1_188' title='bbox 704 3083 887 3155; x_wconf 84' lang='lat' dir='ltr'><em>Ovidianuin</em></span> <span class='ocrx_word' id='word_1_189' title='bbox 912 3097 1004 3169; x_wconf 85' lang='lat' dir='ltr'><em>illud;</em></span> <span class='ocrx_word' id='word_1_190' title='bbox 1042 3097 1165 3172; x_wconf 88' lang='lat' dir='ltr'><em>„inepta</em></span> <span class='ocrx_word' id='word_1_191' title='bbox 1189 3095 1280 3163; x_wconf 84' lang='lat' dir='ltr'><em>loci‘⁴,</em></span> <span class='ocrx_word' id='word_1_192' title='bbox 1318 3106 1346 3153; x_wconf 91' lang='lat' dir='ltr'><em>et</em></span> <span class='ocrx_word' id='word_1_193' title='bbox 1370 3095 1418 3152; x_wconf 91' lang='lat' dir='ltr'><em>ille</em></span> 
     </span>
    </p>
   </div>
   <div class='ocr_carea' id='block_1_4' title="bbox 249 3203 1419 3278">
    <p class='ocr_par' dir='ltr' id='par_1_8' title="bbox 249 3203 1419 3278">
     <span class='ocr_line' id='line_1_26' title="bbox 249 3203 1419 3278; baseline -0.003 -16"><span class='ocrx_word' id='word_1_194' title='bbox 249 3203 363 3262; x_wconf 88' lang='lat' dir='ltr'><em>excidit</em></span> <span class='ocrx_word' id='word_1_195' title='bbox 387 3223 443 3262; x_wconf 93' lang='lat' dir='ltr'><em>nec</em></span> <span class='ocrx_word' id='word_1_196' title='bbox 467 3205 542 3262; x_wconf 87' lang='lat' dir='ltr'><em>ultra</em></span> <span class='ocrx_word' id='word_1_197' title='bbox 559 3203 642 3262; x_wconf 88' lang='lat' dir='ltr'><em>dixit.</em></span> <span class='ocrx_word' id='word_1_198' title='bbox 668 3205 725 3260; x_wconf 90' lang='lat' dir='ltr'><em>boc</em></span> <span class='ocrx_word' id='word_1_199' title='bbox 749 3213 847 3261; x_wconf 88' lang='lat' dir='ltr'><em>autem</em></span> <span class='ocrx_word' id='word_1_200' title='bbox 871 3204 974 3260; x_wconf 89' lang='lat' dir='ltr'><em>vitium</em></span> <span class='ocrx_word' id='word_1_201' title='bbox 999 3204 1098 3262; x_wconf 89' lang='lat' dir='ltr'><em>aiebat</em></span> <span class='ocrx_word' id='word_1_202' title='bbox 1115 3205 1243 3261; x_wconf 89' lang='lat' dir='ltr'><em>Scaurus</em></span> <span class='ocrx_word' id='word_1_203' title='bbox 1263 3224 1280 3260; x_wconf 91' lang='lat' dir='ltr'><em>a</em></span> <span class='ocrx_word' id='word_1_204' title='bbox 1304 3203 1419 3278; x_wconf 82' lang='lat' dir='ltr'><em>graecis</em></span> 
     </span>
    </p>
   </div>
   <div class='ocr_carea' id='block_1_5' title="bbox 249 3311 1420 4678">
    <p class='ocr_par' dir='ltr' id='par_1_9' title="bbox 249 3311 1420 4678">
     <span class='ocr_line' id='line_1_27' title="bbox 250 3311 1416 3387; baseline -0.003 -17"><span class='ocrx_word' id='word_1_205' title='bbox 250 3311 504 3370; x_wconf 86' lang='lat' dir='ltr'><em>declamatoribus</em></span> <span class='ocrx_word' id='word_1_206' title='bbox 517 3322 652 3381; x_wconf 89' lang='lat' dir='ltr'><em>tractum,</em></span> <span class='ocrx_word' id='word_1_207' title='bbox 672 3330 796 3386; x_wconf 90' lang='lat' dir='ltr'><em>quorum</em></span> <span class='ocrx_word' id='word_1_208' title='bbox 811 3313 948 3387; x_wconf 90' lang='lat' dir='ltr'><em>exempla</em></span> <span class='ocrx_word' id='word_1_209' title='bbox 966 3312 1111 3386; x_wconf 89' lang='lat' dir='ltr'><em>Hybrean</em></span> <span class='ocrx_word' id='word_1_210' title='bbox 1128 3322 1157 3368; x_wconf 90' lang='lat' dir='ltr'><em>et</em></span> <span class='ocrx_word' id='word_1_211' title='bbox 1174 3311 1350 3368; x_wconf 89' lang='lat' dir='ltr'><em>Grandaum</em></span> <span class='ocrx_word' id='word_1_212' title='bbox 1367 3329 1416 3366; x_wconf 92' lang='lat' dir='ltr'><em>no·</em></span> 
     </span>
     <span class='ocr_line' id='line_1_28' title="bbox 250 3418 1419 3494; baseline -0.002 -19"><span class='ocrx_word' id='word_1_213' title='bbox 250 3418 438 3490; x_wconf 87' lang='lat' dir='ltr'><em>minat42,8.</em></span> <span class='ocrx_word' id='word_1_214' title='bbox 486 3421 620 3494; x_wconf 89' lang='lat' dir='ltr'><em>Apparet</em></span> <span class='ocrx_word' id='word_1_215' title='bbox 637 3419 726 3494; x_wconf 86' lang='lat' dir='ltr'><em>igitur</em></span> <span class='ocrx_word' id='word_1_216' title='bbox 739 3419 817 3476; x_wconf 85' lang='lat' dir='ltr'><em>hunc</em></span> <span class='ocrx_word' id='word_1_217' title='bbox 831 3431 979 3477; x_wconf 89' lang='lat' dir='ltr'><em>oratorem</em></span> <span class='ocrx_word' id='word_1_218' title='bbox 994 3438 1032 3477; x_wconf 91' lang='lat' dir='ltr'><em>ne</em></span> <span class='ocrx_word' id='word_1_219' title='bbox 1048 3437 1173 3493; x_wconf 88' lang='lat' dir='ltr'><em>graecos</em></span> <span class='ocrx_word' id='word_1_220' title='bbox 1186 3418 1307 3492; x_wconf 84' lang='lat' dir='ltr'><em>quidem</em></span> <span class='ocrx_word' id='word_1_221' title='bbox 1321 3419 1419 3476; x_wconf 89' lang='lat' dir='ltr'><em>decla-</em></span> 
     </span>
     <span class='ocr_line' id='line_1_29' title="bbox 250 3526 1417 3602; baseline 0 -20"><span class='ocrx_word' id='word_1_222' title='bbox 250 3536 381 3584; x_wconf 89' lang='lat' dir='ltr'><em>matores</em></span> <span class='ocrx_word' id='word_1_223' title='bbox 406 3526 597 3602; x_wconf 87' lang='lat' dir='ltr'><em>ignoravisse.</em></span> <span class='ocrx_word' id='word_1_224' title='bbox 646 3527 728 3584; x_wconf 88' lang='lat' dir='ltr'><em>Idem</em></span> <span class='ocrx_word' id='word_1_225' title='bbox 756 3527 908 3584; x_wconf 89' lang='lat' dir='ltr'><em>Othonem</em></span> <span class='ocrx_word' id='word_1_226' title='bbox 930 3527 1049 3602; x_wconf 79' lang='lat' dir='ltr'><em>Junium</em></span> <span class='ocrx_word' id='word_1_227' title='bbox 1074 3526 1147 3584; x_wconf 91' lang='lat' dir='ltr'><em>dicit</em></span> <span class='ocrx_word' id='word_1_228' title='bbox 1171 3537 1238 3584; x_wconf 90' lang='lat' dir='ltr'><em>acta</em></span> <span class='ocrx_word' id='word_1_229' title='bbox 1263 3526 1291 3582; x_wconf 92' lang='lat' dir='ltr'><em>in</em></span> <span class='ocrx_word' id='word_1_230' title='bbox 1319 3544 1417 3582; x_wconf 87' lang='lat' dir='ltr'><em>aurem</em></span> 
     </span>
     <span class='ocr_line' id='line_1_30' title="bbox 249 3632 1419 3710; baseline -0.001 -20"><span class='ocrx_word' id='word_1_231' title='bbox 249 3635 350 3708; x_wconf 81' lang='lat' dir='ltr'><em>legere</em></span> <span class='ocrx_word' id='word_1_232' title='bbox 380 3655 483 3710; x_wconf 86' lang='lat'><em>129,2,</em></span> <span class='ocrx_word' id='word_1_233' title='bbox 509 3635 640 3709; x_wconf 89' lang='lat' dir='ltr'><em>disputat</em></span> <span class='ocrx_word' id='word_1_234' title='bbox 664 3634 701 3692; x_wconf 91' lang='lat' dir='ltr'><em>de</em></span> <span class='ocrx_word' id='word_1_235' title='bbox 719 3633 867 3691; x_wconf 92' lang='lat' dir='ltr'><em>divisione</em></span> <span class='ocrx_word' id='word_1_236' title='bbox 889 3634 1027 3691; x_wconf 90' lang='lat' dir='ltr'><em>Latronis</em></span> <span class='ocrx_word' id='word_1_237' title='bbox 1046 3635 1152 3704; x_wconf 79' lang='lat'><em>462,4.</em></span> <span class='ocrx_word' id='word_1_238' title='bbox 1200 3632 1309 3690; x_wconf 86' lang='lat' dir='ltr'><em>Fabius</em></span> <span class='ocrx_word' id='word_1_239' title='bbox 1326 3632 1419 3690; x_wconf 90' lang='lat' dir='ltr'><em>Maxi·</em></span> 
     </span>
     <span class='ocr_line' id='line_1_31' title="bbox 251 3740 1417 3817; baseline -0.003 -18"><span class='ocrx_word' id='word_1_240' title='bbox 251 3761 318 3799; x_wconf 91' lang='lat' dir='ltr'><em>mus</em></span> <span class='ocrx_word' id='word_1_241' title='bbox 342 3742 474 3799; x_wconf 89' lang='lat' dir='ltr'><em>Romani</em></span> <span class='ocrx_word' id='word_1_242' title='bbox 492 3741 638 3817; x_wconf 89' lang='lat' dir='ltr'><em>Hisponis</em></span> <span class='ocrx_word' id='word_1_243' title='bbox 666 3741 799 3799; x_wconf 91' lang='lat' dir='ltr'><em>nobilem</em></span> <span class='ocrx_word' id='word_1_244' title='bbox 825 3741 1003 3798; x_wconf 88' lang='lat' dir='ltr'><em>sententiam</em></span> <span class='ocrx_word' id='word_1_245' title='bbox 1033 3740 1260 3798; x_wconf 83' lang='lat' dir='ltr'><em>circumferebat</em></span> <span class='ocrx_word' id='word_1_246' title='bbox 1294 3742 1417 3814; x_wconf 81' lang='lat'><em>156,13.</em></span> 
     </span>
     <span class='ocr_line' id='line_1_32' title="bbox 251 3847 1419 3924; baseline -0.003 -18"><span class='ocrx_word' id='word_1_247' title='bbox 251 3849 526 3907; x_wconf 84' lang='lat' dir='ltr'><em>Passienus-Fusci</em></span> <span class='ocrx_word' id='word_1_248' title='bbox 551 3851 684 3908; x_wconf 90' lang='lat' dir='ltr'><em>colorem</em></span> <span class='ocrx_word' id='word_1_249' title='bbox 709 3849 859 3924; x_wconf 89' lang='lat' dir='ltr'><em>improbat</em></span> <span class='ocrx_word' id='word_1_250' title='bbox 886 3851 1013 3923; x_wconf 84' lang='lat'><em>296,13‚</em></span> <span class='ocrx_word' id='word_1_251' title='bbox 1045 3848 1176 3924; x_wconf 90' lang='lat' dir='ltr'><em>disputat</em></span> <span class='ocrx_word' id='word_1_252' title='bbox 1200 3867 1266 3905; x_wconf 86' lang='lat' dir='ltr'><em>curn</em></span> <span class='ocrx_word' id='word_1_253' title='bbox 1291 3847 1419 3914; x_wconf 84' lang='lat' dir='ltr'><em>Blanda,</em></span> 
     </span>
     <span class='ocr_line' id='line_1_33' title="bbox 251 3955 1420 4032; baseline -0.002 -19"><span class='ocrx_word' id='word_1_254' title='bbox 251 3959 393 4026; x_wconf 86' lang='lat' dir='ltr'><em>Latrone,</em></span> <span class='ocrx_word' id='word_1_255' title='bbox 408 3959 543 4015; x_wconf 88' lang='lat' dir='ltr'><em>Buteone</em></span> <span class='ocrx_word' id='word_1_256' title='bbox 562 3959 665 4032; x_wconf 82' lang='lat'><em>169,9,</em></span> <span class='ocrx_word' id='word_1_257' title='bbox 680 3976 747 4013; x_wconf 90' lang='lat' dir='ltr'><em>cum</em></span> <span class='ocrx_word' id='word_1_258' title='bbox 765 3955 944 4031; x_wconf 90' lang='lat' dir='ltr'><em>quibusdam</em></span> <span class='ocrx_word' id='word_1_259' title='bbox 966 3958 1070 4030; x_wconf 88' lang='lat'><em>284,3.</em></span> <span class='ocrx_word' id='word_1_260' title='bbox 1120 3956 1260 4014; x_wconf 89' lang='lat' dir='ltr'><em>Haterius</em></span> <span class='ocrx_word' id='word_1_261' title='bbox 1278 3955 1420 4029; x_wconf 87' lang='lat' dir='ltr'><em>Hybreae</em></span> 
     </span>
     <span class='ocr_line' id='line_1_34' title="bbox 251 4062 1418 4139; baseline -0.003 -18"><span class='ocrx_word' id='word_1_262' title='bbox 251 4064 429 4121; x_wconf 88' lang='lat' dir='ltr'><em>sententiam</em></span> <span class='ocrx_word' id='word_1_263' title='bbox 455 4064 540 4121; x_wconf 89' lang='lat' dir='ltr'><em>vertit</em></span> <span class='ocrx_word' id='word_1_264' title='bbox 565 4082 671 4139; x_wconf 78' lang='lat'><em>429,7,</em></span> <span class='ocrx_word' id='word_1_265' title='bbox 709 4063 805 4121; x_wconf 90' lang='lat' dir='ltr'><em>Triari</em></span> <span class='ocrx_word' id='word_1_266' title='bbox 838 4062 985 4120; x_wconf 89' lang='lat' dir='ltr'><em>sententia</em></span> <span class='ocrx_word' id='word_1_267' title='bbox 1009 4063 1093 4130; x_wconf 85' lang='lat' dir='ltr'><em>aliter</em></span> <span class='ocrx_word' id='word_1_268' title='bbox 1129 4082 1196 4120; x_wconf 90' lang='lat' dir='ltr'><em>usus</em></span> <span class='ocrx_word' id='word_1_269' title='bbox 1232 4076 1276 4121; x_wconf 87' lang='lat' dir='ltr'><em>est</em></span> <span class='ocrx_word' id='word_1_270' title='bbox 1312 4080 1418 4137; x_wconf 85' lang='lat'><em>427,5,</em></span> 
     </span>
     <span class='ocr_line' id='line_1_35' title="bbox 251 4169 1420 4245; baseline -0.002 -17"><span class='ocrx_word' id='word_1_271' title='bbox 251 4172 385 4228; x_wconf 86' lang='lat' dir='ltr'><em>colorem</em></span> <span class='ocrx_word' id='word_1_272' title='bbox 423 4172 523 4228; x_wconf 89' lang='lat' dir='ltr'><em>sanius</em></span> <span class='ocrx_word' id='word_1_273' title='bbox 560 4171 634 4230; x_wconf 87' lang='lat' dir='ltr'><em>dixit</em></span> <span class='ocrx_word' id='word_1_274' title='bbox 668 4190 757 4245; x_wconf 68' lang='lat' dir='ltr'><em>(luam</em></span> <span class='ocrx_word' id='word_1_275' title='bbox 789 4169 921 4227; x_wconf 90' lang='lat' dir='ltr'><em>Triarius</em></span> <span class='ocrx_word' id='word_1_276' title='bbox 949 4186 1053 4245; x_wconf 83' lang='lat'><em>504,3.</em></span> <span class='ocrx_word' id='word_1_277' title='bbox 1113 4170 1185 4230; x_wconf 89' lang='lat' dir='ltr'><em>Eius</em></span> <span class='ocrx_word' id='word_1_278' title='bbox 1220 4170 1367 4226; x_wconf 87' lang='lat' dir='ltr'><em>sententia</em></span> <span class='ocrx_word' id='word_1_279' title='bbox 1403 4190 1420 4226; x_wconf 90' lang='lat' dir='ltr'><em>a</em></span> 
     </span>
     <span class='ocr_line' id='line_1_36' title="bbox 251 4277 1420 4353; baseline -0.002 -18"><span class='ocrx_word' id='word_1_280' title='bbox 251 4278 354 4336; x_wconf 90' lang='lat' dir='ltr'><em>Cestio</em></span> <span class='ocrx_word' id='word_1_281' title='bbox 380 4278 565 4353; x_wconf 89' lang='lat' dir='ltr'><em>improbatur</em></span> <span class='ocrx_word' id='word_1_282' title='bbox 584 4296 713 4352; x_wconf 85' lang='lat'><strong>427,22.</strong></span> <span class='ocrx_word' id='word_1_283' title='bbox 762 4277 887 4336; x_wconf 89' lang='lat' dir='ltr'><em>Clodius</em></span> <span class='ocrx_word' id='word_1_284' title='bbox 904 4277 1047 4334; x_wconf 90' lang='lat' dir='ltr'><em>Turrinus</em></span> <span class='ocrx_word' id='word_1_285' title='bbox 1069 4288 1152 4352; x_wconf 89' lang='lat' dir='ltr'><em>pater</em></span> <span class='ocrx_word' id='word_1_286' title='bbox 1169 4278 1292 4335; x_wconf 90' lang='lat' dir='ltr'><em>multum</em></span> <span class='ocrx_word' id='word_1_287' title='bbox 1310 4277 1420 4333; x_wconf 90' lang='lat' dir='ltr'><em>viribus</em></span> 
     </span>
     <span class='ocr_line' id='line_1_37' title="bbox 251 4384 1420 4462; baseline -0.004 -18"><span class='ocrx_word' id='word_1_288' title='bbox 251 4386 433 4460; x_wconf 86' lang='lat' dir='ltr'><em>dempserat,</em></span> <span class='ocrx_word' id='word_1_289' title='bbox 458 4386 530 4444; x_wconf 90' lang='lat' dir='ltr'><em>dum</em></span> <span class='ocrx_word' id='word_1_290' title='bbox 556 4386 772 4462; x_wconf 89' lang='lat' dir='ltr'><em>Apollodorum</em></span> <span class='ocrx_word' id='word_1_291' title='bbox 799 4385 930 4460; x_wconf 90' lang='lat' dir='ltr'><em>seqnitur</em></span> <span class='ocrx_word' id='word_1_292' title='bbox 955 4406 990 4442; x_wconf 89' lang='lat' dir='ltr'><em>ac</em></span> <span class='ocrx_word' id='word_1_293' title='bbox 1014 4405 1158 4442; x_wconf 86' lang='lat' dir='ltr'><em>summam</em></span> <span class='ocrx_word' id='word_1_294' title='bbox 1185 4386 1281 4458; x_wconf 80' lang='lat' dir='ltr'><em>legem</em></span> <span class='ocrx_word' id='word_1_295' title='bbox 1299 4384 1420 4441; x_wconf 93' lang='lat' dir='ltr'><em>dicendi</em></span> 
     </span>
     <span class='ocr_line' id='line_1_38' title="bbox 252 4491 1420 4569; baseline -0.003 -19"><span class='ocrx_word' id='word_1_296' title='bbox 252 4504 365 4551; x_wconf 86' lang='lat' dir='ltr'><em>sectam</em></span> <span class='ocrx_word' id='word_1_297' title='bbox 392 4503 474 4569; x_wconf 89' lang='lat' dir='ltr'><em>putat</em></span> <span class='ocrx_word' id='word_1_298' title='bbox 498 4510 537 4568; x_wconf 87' lang='lat'><em>45</em></span> <span class='ocrx_word' id='word_1_299' title='bbox 545 4509 606 4568; x_wconf 87' lang='lat'><em>5,2,</em></span> <span class='ocrx_word' id='word_1_300' title='bbox 625 4513 777 4568; x_wconf 87' lang='lat' dir='ltr'><em>nunquam</em></span> <span class='ocrx_word' id='word_1_301' title='bbox 794 4512 856 4550; x_wconf 92' lang='lat' dir='ltr'><em>non</em></span> <span class='ocrx_word' id='word_1_302' title='bbox 874 4493 911 4551; x_wconf 89' lang='lat' dir='ltr'><em>de</em></span> <span class='ocrx_word' id='word_1_303' title='bbox 928 4493 1029 4550; x_wconf 87' lang='lat' dir='ltr'><em>colore</em></span> <span class='ocrx_word' id='word_1_304' title='bbox 1046 4492 1169 4549; x_wconf 88' lang='lat' dir='ltr'><em>Latroni</em></span> <span class='ocrx_word' id='word_1_305' title='bbox 1187 4491 1420 4548; x_wconf 90' lang='lat' dir='ltr'><em>controversiam</em></span> 
     </span>
     <span class='ocr_line' id='line_1_39' title="bbox 252 4599 1418 4678; baseline -0.006 -18"><span class='ocrx_word' id='word_1_306' title='bbox 252 4602 323 4660; x_wconf 83' lang='lat' dir='ltr'><em>lecit</em></span> <span class='ocrx_word' id='word_1_307' title='bbox 348 4603 455 4678; x_wconf 88' lang='lat'><em>455,6,</em></span> <span class='ocrx_word' id='word_1_308' title='bbox 491 4601 565 4659; x_wconf 93' lang='lat' dir='ltr'><em>locis</em></span> <span class='ocrx_word' id='word_1_309' title='bbox 597 4599 786 4660; x_wconf 87' lang='lat' dir='ltr'><em>Latronianis</em></span> <span class='ocrx_word' id='word_1_310' title='bbox 818 4601 956 4661; x_wconf 89' lang='lat' dir='ltr'><em>utebatur</em></span> <span class='ocrx_word' id='word_1_311' title='bbox 981 4602 1110 4675; x_wconf 84' lang='lat'><em>469,18.</em></span> <span class='ocrx_word' id='word_1_312' title='bbox 1149 4615 1278 4672; x_wconf 86' lang='lat' dir='ltr'><em>477,rr.</em></span> <span class='ocrx_word' id='word_1_313' title='bbox 1313 4601 1418 4673; x_wconf 85' lang='lat'><em>478,9.</em></span> 
     </span>
    </p>
   </div>
   <div class='ocr_carea' id='block_1_6' title="bbox 0 0 1762 5508">
    <p class='ocr_par' dir='ltr' id='par_1_10' title="bbox 0 0 1762 5508">
     <span class='ocr_line' id='line_1_40' title="bbox 0 0 1762 5508; baseline 0 0"><span class='ocrx_word' id='word_1_314' title='bbox 0 0 1762 5508; x_wconf 95' lang='lat' dir='ltr'><em> </em></span> 
     </span>
    </p>
   </div>
  </div>
 </body>
</html>
