3492 5508
689 447 909 502 mm-

321 625 402 698 Ergo
427 623 456 680 in
482 643 534 682 sua
572 624 674 682 schola
699 625 855 682 Haterium
893 627 1024 684 admisso
1053 627 1165 702 populo
1190 647 1226 686 ex
1250 639 1384 703 tempore

214 732 325 791 dixisse
350 731 494 806 suspicor.

321 840 395 897 Sunt
419 839 550 913 quidem,
589 857 666 914 quae
702 849 783 896 extra
818 840 952 898 scholam
978 842 1094 899 Seneca
1131 841 1293 916 collegerit,
1331 842 1383 898 sed

214 948 290 1006 haec
314 965 410 1023 pauca
435 958 464 1004 et
488 964 566 1021 qrrae
590 945 731 1004 iudicium
757 965 774 1004 a
798 947 886 1004 nobis
921 948 1012 1005 latum
1050 949 1198 1010 infirmare
1222 961 1382 1023 nequeant.

215 1055 355 1124 Primum,
373 1054 517 1129 quoniam
534 1054 694 1112 Latronem
714 1073 865 1129 nunquam
884 1055 913 1112 in
929 1056 1069 1113 convivio
1087 1057 1254 1130 disputasse
1271 1059 1385 1114 Seneca

214 1163 297 1230 dixit,
323 1164 402 1220 hunc
425 1160 482 1218 illis
507 1160 690 1235 temporibus
716 1179 829 1218 morem
858 1162 1003 1220 exstitisse
1028 1174 1161 1238 apparet,
1189 1175 1219 1220 ut
1243 1176 1383 1222 cenantes

214 1270 290 1327 inter
314 1269 372 1326 alia
395 1269 433 1326 de
458 1268 726 1326 controversiarum
751 1269 902 1326 coloribus
928 1280 978 1326 aut
1006 1271 1162 1328 sententiis
1187 1272 1381 1346 disputarent.

215 1379 284 1436 Huc
308 1378 433 1434 fortasse
456 1375 593 1450 pertinet,
620 1375 702 1450 quod
727 1375 837 1434 Craton

302 1491 382 1559 saepe
405 1483 508 1540 solebat
528 1483 609 1558 apud
633 1484 782 1540 Caesarem
805 1500 865 1540 cum
894 1483 1041 1556 Timagene
1063 1486 1207 1560 confluere
1232 1503 1337 1560 503,1.

322 1590 382 1648 Sed
410 1590 645 1648 declamationes
681 1609 803 1664 quoque
838 1590 867 1646 in
904 1591 1025 1666 privatis
1061 1593 1201 1649 domibus
1237 1593 1384 1650 institutas

215 1719 280 1758 esse
307 1700 368 1756 vult
393 1698 525 1774 Gruppe.
574 1697 703 1754 Primum
739 1699 816 1756 enim
854 1698 972 1756 nobiles
1008 1698 1086 1755 viros
1118 1699 1191 1756 dicit
1227 1699 1256 1756 in
1294 1700 1383 1756 aedes

215 1826 283 1865 suas
308 1824 502 1872 convocasse,
528 1805 580 1880 qui
604 1823 635 1862 se
658 1805 862 1863 declamantes
887 1806 1033 1864 audirent.
1047 1801 1070 1882 1)
1117 1807 1235 1864 Deinde
1260 1808 1383 1882 Gruppe

214 1913 389 1990 saepissime
413 1912 487 1970 dixit
510 1930 564 1969 usu
589 1912 732 1981 evenisse,
758 1923 788 1968 ut
812 1913 928 1970 nobiles
952 1913 1005 1969 viri
1031 1914 1158 1988 pecunia
1178 1914 1249 1972 data
1285 1915 1382 1972 decla-

215 2021 358 2078 mantium
384 2030 485 2077 coetus
511 2031 713 2076 convocarent
749 2019 840 2093 inque
876 2037 976 2076 eorum
1014 2020 1197 2078 auditionem
1222 2021 1382 2079 familiares

216 2121 435 2208 adhiberent).
497 2129 578 2184 Inter
617 2126 671 2202 hos
710 2126 962 2184 declamationum
1002 2128 1184 2186 institutores
1224 2129 1314 2186 luisse
1347 2131 1380 2186 C.

216 2235 333 2293 Sosium
346 2227 378 2309 ³).
427 2235 501 2291 Sunt
525 2243 624 2291 autem
650 2234 783 2291 Senecae
807 2235 899 2291 verba
923 2235 1012 2292 haec:

306 2343 351 2399 lu‘c
383 2349 424 2399 est
449 2341 567 2409 Coruus,
602 2342 654 2414 qui
685 2358 745 2397 cum
780 2333 979 2414 renumerat)
1015 2343 1136 2398 sclmlom
1160 2318 1279 2410 Rornae,
1305 2343 1384 2400 Sesti)

304 2449 355 2517 illi,
391 2451 443 2523 qui
463 2448 583 2506 Iudaeos
605 2448 758 2521 subegerat,
782 2448 949 2505 declamauit
973 2451 1187 2505 controversum
1207 2496 1212 2506 .
1230 2496 1234 2506 .
1252 2497 1257 2506 .
1277 2452 1307 2506 iu
1331 2452 1385 2506 lure

305 2557 489 2614 centrorursr'a
513 2557 647 2612 sententio
670 2557 728 2612 eius
751 2557 819 2612 lroec
840 2555 987 2612 ridebatur
1011 2572 1049 2630 54
1056 2572 1116 2630 5,7.

323 2665 409 2737 Quae
434 2664 524 2721 verba
549 2664 611 2720 sive
635 2681 702 2720 cum
721 2663 775 2720 Gz.
801 2669 1008 2737 „temperaret‘
1024 2663 1149 2737 legimus
1167 2663 1228 2722 sive
1245 2666 1382 2723 traditam

216 2773 376 2832 lectionem
415 2771 585 2836 retinemus
623 2771 733 2828 docent
757 2771 886 2827 Corvum
924 2770 1070 2827 rhetorem
1097 2771 1213 2828 Rornae
1249 2773 1382 2830 scholam

217 2879 390 2937 condidisse
415 2891 443 2935 et
467 2877 495 2936 ei
519 2877 704 2952 aliquamdiu
737 2877 908 2953 praefuisse.
959 2878 1030 2954 Quo
1054 2897 1124 2934 vero
1149 2879 1228 2936 hunc
1253 2880 1282 2936 in
1308 2881 1384 2938 Sosii

217 2989 309 3046 domo
326 2987 511 3044 declamasse
528 2985 691 3060 probatur?
737 2986 815 3042 Nam
840 2986 878 3043 de
895 2985 1165 3043 declamationibus
1187 2986 1215 3042 in
1235 2989 1383 3044 rethorum

217 3095 326 3153 scholis
361 3093 471 3150 habitis
505 3093 634 3150 dicturus
671 3094 786 3150 Seneca
822 3093 1045 3168 praepositione
1080 3093 1199 3167 „upurl“
1234 3094 1273 3151 uti
1299 3096 1383 3154 solet.

218 3203 264 3260 Cs.
282 3201 362 3276 apul
374 3201 528 3258 latronem
542 3219 638 3274 392,9
652 3200 732 3274 apud
750 3200 880 3258 Cestium
898 3217 990 3274 27,13
1011 3235 1052 3242 -—
1070 3220 1166 3274 49.10
1184 3235 1214 3242 -
1237 3205 1331 3276 338,6
1346 3237 1383 3243 -

140 3370 143 3375 ,
195 3307 333 3385 ’581,21
440 3307 522 3382 apud
550 3307 630 3363 illum
663 3309 719 3388 (se.
745 3308 890 3384 Cestium)
926 3311 1020 3381 48,r7
1058 3342 1102 3348 -
1136 3309 1217 3382 opud
1247 3310 1385 3367 Arellium

217 3419 339 3474 Fuscum
373 3435 464 3488 1339
499 3449 541 3455 —
574 3415 743 3473 Fabianus.
760 3461 765 3473 .
782 3416 980 3472 .exereelmlur·
1000 3416 1081 3490 optut
1101 3416 1239 3472 Arellium
1264 3418 1385 3473 Fuscum

223 3542 312 3598 102,7
355 3559 391 3565 --
430 3523 512 3597 opud
530 3522 677 3579 Blandum
716 3524 821 3579 (liutius
855 3542 941 3597 quum
977 3523 1058 3596 apud
1089 3523 1210 3579 Fuscum
1246 3524 1385 3580 Arellr'urrr

216 3633 325 3690 studuit
351 3650 387 3687 10
393 3646 443 3705 5,9
472 3664 510 3672 -
535 3646 595 3686 eum
630 3630 806 3703 cerediscr'puli
838 3647 956 3686 essemus
991 3629 1072 3703 oprtet
1091 3630 1253 3686 lllurullum
1283 3649 1386 3704 13·¹4·

219 3739 319 3796 Semel
354 3736 580 3812 praepositione
616 3743 723 3806 „arrte“
749 3737 864 3794 Seneca
899 3735 939 3792 ita
956 3736 1054 3802 utitur,
1080 3755 1146 3793 cunr
1172 3737 1264 3794 dicit:
1303 3745 1389 3805 „erute
1456 3807 1460 3814 Ι

218 3847 358 3904 Arellium
371 3847 492 3902 Fuscum
506 3845 787 3918 declumuoit134,9.
805 3843 860 3900 His
875 3843 898 3898 si
908 3843 1048 3900 adiecero
1062 3843 1149 3900 illud:
1164 3845 1346 3900 declamasse.
1361 3891 1366 3902 .
1381 3891 1386 3901 .

218 3955 250 4011 ln
274 3953 401 4010 Marulli
432 3952 524 4008 sellula
565 3967 645 4026 15,4,
683 3985 726 3991 —-
761 3969 865 4008 omnes
900 3951 961 4007 sere
996 3951 1080 4008 locos
1116 3969 1305 4040 enumerasse
1341 3971 1388 4008 me

221 4080 320 4137 spero,
364 4061 471 4135 quibus
511 4060 636 4127 Seneca,
673 4059 795 4116 ubinam
833 4059 1035 4116 declamantes
1075 4058 1232 4125 extiterint,
1272 4059 1389 4116 disertis

328 4359 348 4426 ¹)
368 4361 472 4424 Gruppe
492 4360 508 4408 l.
528 4359 544 4408 l.
566 4358 608 4407 26.

328 4447 348 4514 ²)
366 4451 470 4513 Gruppe
489 4449 506 4497 l.
526 4449 542 4496 l.
563 4459 605 4508 27.

327 4537 348 4605 ⁸)
368 4541 472 4602 Gruppe
491 4539 507 4586 l.
527 4539 543 4586 l.
565 4538 606 4585 28.

328 4627 348 4694 ⁴)
367 4629 411 4678 sic.
432 4629 486 4686 Gn,
506 4635 634 4690 tetraptaret
652 4628 683 4676 O.
763 4667 766 4676 .
