3492 5508
622 677 917 806 Indoxl‘).

453 1021 467 1076 1

186 1107 238 1172 Ile
254 1065 507 1173 consuetudine
532 1104 743 1172 admittendi

373 1196 554 1279 populum.

215 1310 240 1346 1.
267 1291 314 1346 De
339 1288 467 1345 Labieni
492 1297 597 1345 aetate.

213 1399 239 1437 2.
266 1381 312 1435 An
333 1377 460 1434 Labieni
483 1375 667 1451 temporibus
684 1375 743 1432 iam

266 1467 379 1542 populo
396 1466 527 1524 admisso
545 1466 744 1524 declamatum

265 1557 311 1614 sit.

211 1666 239 1720 3.
266 1647 312 1702 De
325 1644 556 1703 declamantium
571 1643 685 1701 ratione
705 1653 744 1700 at·

265 1754 323 1810 que
348 1733 490 1792 consiliis.

209 1845 240 1896 4.
266 1826 311 1882 De
329 1823 442 1898 populo
460 1822 499 1880 ad
516 1821 742 1880 exercitationes

264 1912 458 1970 scholasticas
484 1912 624 1969 admisso

211 2019 237 2078 5.
264 2005 310 2061 De
335 2001 479 2059 Passieno
504 2001 703 2058 declamante.

445 2110 474 2165 ll

268 2196 318 2262 De
333 2194 661 2261 exercitationibus

347 2284 582 2350 scholasticis.

210 2400 238 2454 6.
265 2395 399 2468 Quinam
436 2394 465 2450 in
500 2392 611 2451 scholis
645 2393 742 2450 decla·

265 2484 416 2544 maverint.

211 2593 238 2648 7.
264 2576 311 2631 De
335 2573 569 2649 praelocutione.

210 2666 237 2720 8.
265 2665 311 2720 De
335 2681 467 2721 censura.

209 2773 238 2827 9.
263 2754 311 2810 De
334 2770 417 2809 more
441 2750 593 2808 laudandi.

191 2862 239 2900 10.
264 2843 310 2898 De
327 2840 543 2898 consuetudine
560 2837 741 2913 disputandi.

190 2952 237 2988 11.
265 2933 311 2988 De
324 2930 565 3003 rhetoribuspost
578 2928 743 3002 discipulos

263 3019 510 3078 declamantibus

191 3130 237 3167 12.
263 3106 741 3181 DeLatroneinterdisputandum

263 3199 461 3256 declamante.

190 3307 237 3361 13.
263 3289 311 3344 De
345 3288 466 3345 Othone
488 3284 587 3359 Juni0‚
620 3285 742 3358 Syriaco

264 3376 374 3446 Vallio,
435 3375 529 3450 Nigro
588 3374 742 3431 Bruttedio

264 3465 486 3540 disputantibus
515 3474 543 3521 et
571 3463 742 3521 declaman-

263 3556 351 3614 tibus

191 3664 237 3716 14.
265 3645 336 3718 Qua
369 3643 484 3701 ratione
509 3645 624 3700 Seneca
654 3651 743 3716 neget

264 3732 460 3791 scholasticos
505 3732 621 3789 duobus
669 3731 743 3787 locis

266 3823 365 3880 dicere
391 3821 448 3897 (De
472 3823 619 3878 Montano
644 3820 741 3878 decla·

264 3911 385 3987 manle).

190 4017 238 4076 15.
264 4002 309 4059 De
338 3999 520 4068 discrimine,
551 3998 633 4074 quod
657 3997 744 4055 inter·

264 4090 344 4148 cedit
395 4089 471 4146 inter
516 4087 743 4147 exercitationes

265 4179 458 4238 scholasticas
490 4189 518 4235 et
547 4178 613 4234 illas
644 4177 742 4235 decla·

264 4269 420 4337 mationeS‚
445 4267 483 4325 ad
514 4286 589 4340 quas
614 4267 742 4341 populus

265 4358 484 4415 admittebatur.

1052 1021 1101 1076 ΙΙΙ.

1000 1105 1051 1170 lle
1074 1106 1161 1171 loco.

805 1199 852 1254 16.
880 1196 951 1268 Quo
1000 1199 1068 1254 loco
1121 1199 1356 1256 declamationes

877 1285 1026 1345 institutae
1043 1288 1111 1346 sint.
1134 1287 1199 1362 ‚(De
1217 1288 1355 1353 Albucio

878 1376 1013 1449 Hateri0,
1052 1377 1139 1433 Sosio
1183 1388 1211 1434 et
1247 1377 1355 1445 Corra,

878 1467 1013 1540 Augusto
1049 1477 1077 1522 et
1101 1466 1241 1534 Cratone‚
1267 1466 1356 1522 Furio

878 1554 1046 1623 Saturnino,
1088 1555 1209 1624 Scauro,
1251 1555 1356 1612 Cassio

878 1643 1009 1720 Severo).

1051 1734 1103 1791 lV.

841 1817 891 1884 lle
916 1819 1037 1884 schola
1060 1821 1101 1884 ut
1123 1819 1194 1884 fori
1218 1819 1313 1884 ludo.

804 1927 851 1983 17.
877 1913 922 1968 De
964 1911 1208 1968 scholasticorum
1251 1913 1355 1968 studiis

876 1999 1053 2058 forensibus.

803 2091 849 2146 18.
876 2091 922 2146 De
958 2089 1125 2146 oratoribus
1157 2091 1291 2148 scholam
1321 2091 1355 2147 ri-

876 2178 1025 2236 dentibus.

803 2287 849 2341 19.
877 2269 924 2325 De
958 2268 1125 2326 rhetoribus
1158 2270 1253 2326 forum
1286 2289 1355 2326 con·
1435 2262 1448 2270 ”

876 2357 1088 2414 temnentibus.

802 2466 849 2502 20.
877 2446 1354 2506 Deoratoribusdeclamantibus.

802 2555 850 2592 21.
876 2536 922 2592 De
958 2535 1125 2593 oratoribus
1166 2537 1355 2594 audientibus

876 2634 904 2681 et
928 2625 1157 2700 disputantibus

803 2733 850 2771 22.
879 2716 924 2770 De
949 2714 1116 2771 rhetoribus
1138 2733 1242 2772 causas
1267 2733 1355 2789 agen·

877 2803 963 2861 tibus.

802 2912 850 2966 ²3·
878 2894 923 2949 De
966 2892 1092 2949 actionis
1138 2892 1285 2950 oratoriae
1327 2903 1356 2949 et

876 2971 1074 3039 scholasticae
1099 2981 1280 3039 discrimine.

1059 3090 1096 3146 V.

797 3176 848 3242 De
874 3172 1024 3242 Senecae
1057 3174 1187 3239 studiis
1222 3175 1355 3240 schola·

974 3333 975 3336 ,
1011 3265 1123 3329 stiois.

801 3376 848 3428 24·
877 3358 922 3413 De
947 3357 1081 3419 Senecae
1113 3355 1356 3430 praeceptoribus

875 3457 903 3503 et
927 3445 1040 3502 amicis

801 3553 849 3610 ²5·
877 3537 922 3592 De
946 3534 1051 3592 ceteris
1076 3535 1209 3592 Senecae
1240 3534 1353 3591 studiis.

818 3728 869 3793 lle
892 3728 1087 3794 traditione
1111 3727 1334 3792 scholastica.

802 3823 849 3877 26.
876 3821 1060 3878 Traditionis
1085 3819 1218 3894 vestigia.

802 3927 850 3982 ²7·
878 3912 923 3966 De
948 3928 1031 3967 more
1055 3909 1216 3966 scribendi.

802 4000 849 4055 28.
877 4000 923 4056 De
957 3998 1228 4056 declamationibus
1261 3997 1355 4073 publi·

877 4087 960 4145 catis.

801 4195 851 4250 29.
878 4177 925 4233 De
942 4177 1197 4234 declamationum
1223 4176 1355 4251 partibus

876 4285 928 4340 per
952 4266 1126 4323 memoriam
1151 4265 1275 4324 traditis.

798 4373 849 4428 30.
875 4356 920 4411 De
946 4355 1108 4413 memoriae
1133 4354 1333 4413 adminiculis.

291 4514 315 4579 ⁸)
336 4513 439 4562 Numeri
468 4513 612 4561 citationum
641 4512 666 4559 in
688 4521 782 4560 textum
810 4512 904 4576 recepti
933 4512 964 4558 ad
993 4527 1048 4558 earn
1076 4512 1212 4560 editionem
1231 4511 1356 4560 referendi

337 4611 401 4662 sunt,
422 4619 496 4667 quam
515 4602 620 4650 instituit
641 4603 674 4649 H.
692 4603 714 4666 J.
735 4601 826 4649 Miiller
845 4601 1025 4665 (Vindobonae
1049 4598 1133 4668 1887).
