3492 5508
883 363 1104 437 *3⁶-

314 573 318 582 ‘
405 559 497 618 Cuius
521 557 793 617 declamationibus
828 557 900 632 quin
931 576 993 616 non
1018 558 1110 616 semel
1134 567 1166 616 ut
1188 557 1245 626 bis,
1271 558 1324 615 sed
1347 557 1467 632 saepius
1490 557 1577 615 inter·

405 667 500 733 fuerit,
549 666 692 740 quoniam
731 675 869 723 accurate
908 665 1095 734 describitur,
1142 665 1397 740 quemadmodum
1436 664 1577 722 Haterius

406 772 627 842 declamaverit,
652 773 701 829 vix
725 771 882 847 quisquam
900 771 1050 830 dubitabit
1077 789 1188 845 227,1.
1236 773 1343 848 Neque
1366 771 1491 830 difficile
1514 781 1577 829 erat

405 881 444 938 ad
479 880 565 938 huius
600 879 653 938 viri
678 879 914 937 declamationes
951 879 1118 938 audiendas
1153 878 1265 937 aditum
1302 879 1473 955 impetrare,
1509 897 1577 936 cum

405 989 549 1063 populum
574 987 729 1045 admittere
753 986 857 1044 solitus
881 986 918 1044 sit
944 1003 1015 1059 227,
1031 1003 1057 1059 7.

513 1111 555 1169 Hi
590 1113 807 1170 declamatores
840 1123 917 1190 sunt,
954 1127 1030 1186 quos
1060 1113 1175 1170 Seneca
1207 1121 1324 1187 praeter
1357 1111 1472 1170 amicos
1507 1129 1576 1169 suos

406 1219 581 1294 saepissime
617 1219 766 1277 audivisse
797 1219 921 1277 videtur.
971 1219 1031 1292 Qui
1055 1220 1137 1294 quod
1169 1237 1274 1277 omnes
1299 1237 1335 1278 eo
1359 1219 1417 1276 iam
1442 1228 1577 1295 tempore

406 1326 563 1395 florebant,
601 1345 660 1401 quo
699 1325 825 1401 primum
850 1327 965 1384 Seneca
990 1327 1106 1384 Romae
1138 1326 1320 1394 versabatur,
1354 1345 1422 1383 cum
1456 1325 1578 1402 insuper

406 1432 505 1490 studia
542 1451 594 1490 sua
628 1432 769 1491 iuvenilia
802 1445 891 1492 vocet
925 1435 1041 1508 446,5,
1078 1433 1186 1508 quibus
1220 1433 1364 1509 optimam
1397 1433 1475 1492 vitae
1505 1452 1577 1492 suae

406 1550 520 1615 partem
545 1540 730 1598 dedicaverit
754 1543 827 1612 446.
843 1557 871 1613 7,
897 1541 948 1597 illo
965 1550 1099 1615 tempore
1118 1539 1278 1616 praecipue
1301 1559 1369 1597 eum
1387 1541 1577 1615 eloquentiae

406 1647 553 1705 studuisse
588 1647 734 1705 existima.
793 1649 880 1704 Tunc
909 1647 998 1705 etiam
1030 1647 1172 1705 audiebat
1197 1649 1343 1705 Senecam
1368 1647 1576 1706 Grandionem

409 1769 480 1828 543,
500 1775 523 1822 r,
551 1755 669 1811 Florum
695 1754 833 1812 Latronis
859 1754 1023 1812 auditorem
1049 1754 1199 1812 dicentem
1223 1772 1285 1812 non
1310 1754 1390 1829 apud
1414 1756 1576 1812 Latronem

407 1864 524 1936 392,8,
551 1862 709 1918 Moschum
734 1861 935 1936 disputantem
962 1881 1035 1935 302,
1049 1881 1077 1936 3.
1125 1862 1231 1936 Neque
1254 1871 1354 1919 tamen
1378 1873 1482 1936 postea
1508 1880 1575 1919 eum

406 1968 511 2026 studiis
550 1967 764 2025 renuntiavisse
797 1977 825 2024 et
858 1967 928 2026 inde
962 1969 1114 2044 probatur,
1149 1969 1231 2042 quod
1255 1969 1368 2025 Varum
1398 1967 1576 2041 Quintilium

405 2086 472 2150 post
486 2075 576 2150 patris
590 2075 707 2132 cladem
722 2075 943 2132 declamantem
968 2075 1082 2133 audivit
1100 2077 1208 2148 48,17,
1234 2084 1263 2133 et
1276 2093 1312 2133 eo
1330 2075 1467 2144 efficitur,
1494 2075 1576 2150 quod

406 2201 466 2240 una
491 2201 558 2240 cum
584 2183 650 2240 liliis
665 2181 807 2240 audiebat
824 2183 966 2240 Scaurum
991 2183 1212 2240 declamantem
1237 2183 1290 2240 M'.
1316 2181 1433 2257 Lepido
1459 2185 1532 2254 448,
1547 2184 1576 2251 8,

407 2291 524 2346 Musam
551 2307 666 2364 452,1,
693 2289 941 2364 fortasseJulium
966 2291 1090 2347 Bassum
1117 2306 1154 2364 45
1162 2292 1231 2364 3,8,
1257 2308 1346 2364 quem
1363 2300 1462 2346 tamen
1487 2298 1578 2346 antea

405 2396 559 2454 audiverat
583 2397 802 2454 declamantem
838 2407 994 2471 praesente
1019 2397 1147 2454 Albucio
1173 2400 1246 2468 464,
1264 2416 1311 2454 ra.
1365 2396 1482 2469 Quibus
1507 2415 1578 2453 con·

406 2503 513 2560 stitutis
545 2515 660 2560 ceteros
692 2503 919 2570 declamatores
953 2522 1028 2577 quos
1060 2503 1130 2578 quin
1157 2504 1273 2561 Seneca
1306 2503 1371 2579 ipse
1401 2503 1578 2577 cognoverit

406 2628 467 2666 non
493 2610 608 2678 dubito,
634 2609 826 2684 alphabetico
851 2610 957 2668 ordine
981 2629 1035 2668 uso
1061 2629 1235 2668 enumerare
1259 2610 1332 2668 mihi
1356 2609 1453 2668 liceat.

513 2736 559 2792 De
584 2733 737 2792 Bruttedio
755 2734 859 2809 Nigro,
884 2734 985 2792 Vallio
1003 2735 1135 2809 Syriaca,
1158 2735 1247 2810 Junio
1265 2737 1386 2794 Othone
1408 2735 1577 2794 declaman-

406 2843 484 2899 tibus
519 2852 548 2899 et
579 2840 800 2916 disputantibus
831 2852 892 2899 tam
926 2843 1019 2899 multa
1051 2852 1215 2911 narrantur,
1247 2862 1339 2917 quam
1363 2843 1487 2911 Seneca,
1519 2843 1578 2901 nisi

406 2949 469 3024 ipse
493 2948 645 3016 adfuisset,
671 2947 746 3005 scire
769 2967 831 3005 non
855 2949 951 3023 potuit
980 2953 1114 3024 125,16.
1161 2952 1235 3007 Item
1253 2951 1416 3008 Buteonem
1441 2963 1470 3008 et
1491 2951 1578 3008 Blan-

406 3057 476 3114 dum
517 3074 584 3112 cum
609 3057 740 3112 Latrone
779 3065 808 3113 et
831 3056 974 3114 Passieno
1014 3056 1164 3115 audivisse
1188 3057 1304 3115 videtur
1332 3059 1467 3132 169,10.
1529 3059 1579 3116 De

406 3163 554 3237 Capitone
579 3163 695 3220 Seneca
728 3162 769 3220 ita
801 3163 940 3238 loquitur,
976 3173 1008 3221 ut
1032 3173 1060 3222 et
1092 3164 1220 3222 libenter
1253 3174 1281 3222 et
1315 3165 1486 3238 frequenter
1509 3183 1579 3222 eum

406 3269 554 3327 audivisse
578 3269 714 3327 videatur
738 3286 877 3344 453,11.
926 3270 1045 3328 Catium
1070 3270 1208 3350 Crispum
1232 3270 1367 3329 meminit
1390 3271 1420 3328 in
1445 3271 1579 3346 quadam

406 3375 610 3433 controversia
635 3375 766 3451 ineptam
790 3377 967 3434 sententiam
992 3378 1141 3436 dicentem
1168 3397 1281 3452 310,4.
1329 3380 1449 3436 Festum
1473 3396 1504 3436 se
1529 3398 1579 3436 au-

406 3482 507 3540 diente
520 3482 735 3541 declamavisse
752 3482 869 3542 disertis
886 3484 984 3542 verbis
1000 3485 1115 3543 Seneca
1132 3485 1205 3542 dicit
1222 3504 1296 3560 309,
1315 3505 1352 3542 10
1366 3485 1430 3561 (lin.
1453 3481 1506 3557 14]
1513 3505 1523 3542 r
1533 3485 1577 3569 5).

407 3589 543 3646 Fulvium
568 3590 709 3665 Sparsum
734 3589 949 3650 declamavisse
982 3592 1056 3649 duas
1080 3592 1298 3650 controversias
1323 3592 1458 3651 meminit
1484 3595 1535 3662 80,
1549 3610 1577 3669 5.

407 3697 520 3768 487,9.
563 3696 684 3771 Junium
724 3698 876 3756 Othonem
921 3699 1056 3756 meminit
1101 3701 1232 3757 colorem
1273 3701 1393 3757 stultum
1434 3699 1580 3758 inducere

407 3818 521 3876 49,17.
548 3803 713 3861 Labienum
739 3803 812 3862 dicit
835 3823 896 3862 non
921 3806 1042 3880 quidem
1067 3807 1190 3881 populo,
1216 3807 1270 3864 sed
1286 3806 1406 3880 egregie
1430 3807 1580 3864 declama·

406 3909 483 3966 visse
508 3912 643 3982 448,10.
691 3913 866 3970 Mentonem
885 3931 916 3970 se
940 3912 1089 3971 audivisse
1106 3913 1323 3971 declamantem
1346 3913 1463 3971 disertis
1480 3913 1581 3972 verbis

407 4016 561 4075 contendit
579 4037 652 4092 413,
666 4020 694 4076 8.
729 4019 790 4090 ¹Ab
807 4019 920 4077 Nicetis
937 4019 1091 4078 auditione
1115 4039 1183 4078 cum
1201 4021 1342 4078 Gallione
1360 4021 1399 4079 ad
1416 4021 1581 4079 Messalam

406 4124 486 4181 venit
513 4140 527 4199 5
535 4140 586 4199 50,
602 4144 626 4182 1.
675 4125 825 4200 Papirium
850 4126 1015 4184 Fabianum
1042 4129 1158 4185 Seneca
1181 4145 1243 4184 non
1275 4129 1444 4202 frequenter
1467 4127 1584 4186 audivit

412 4247 537 4306 105,13,
564 4232 643 4289 haud
661 4232 724 4290 scio
742 4252 780 4290 an
797 4251 834 4290 eo
847 4243 992 4309 tempore,
1018 4253 1077 4308 quo
1101 4234 1151 4292 ille
1174 4233 1338 4309 discipulus
1363 4245 1424 4292 erat
1452 4250 1581 4310 105,13,

407 4338 469 4396 sive
493 4339 573 4412 apud
589 4341 715 4396 Fuscum
732 4340 877 4398 Arellium
891 4341 952 4398 sive
977 4341 1058 4414 apud
1075 4342 1231 4399 Blandum.
1278 4342 1414 4399 Publium
1433 4341 1583 4401 Sabinum

407 4445 547 4504 audiente
571 4447 686 4504 Seneca
717 4447 931 4506 declamavisse
956 4448 1072 4506 disertis
1090 4447 1186 4506 verbis
1206 4449 1355 4524 proditum
1374 4459 1417 4506 est
1441 4469 1515 4521 410,
1529 4469 1582 4508 20.

407 4552 528 4612 Vibium
540 4554 660 4611 Gallum
670 4555 784 4613 Seneca
797 4555 937 4613 audiebat
951 4554 1102 4630 quandam
1114 4555 1346 4614 controversiam
1358 4557 1584 4615 declamantem
