3492 5508
397 621 493 679 verbis
527 621 643 680 Seneca
678 634 792 682 tantum
830 625 902 683 dicit
938 645 969 684 se
1005 628 1166 686 Latronem
1202 629 1381 705 discipulum
1418 629 1567 687 audivisse

397 729 427 787 in
453 729 571 786 Marulli
607 731 711 788 schola
741 751 788 806 13,
808 753 855 804 14.
887 751 976 810 15,3.
1025 735 1083 792 Sed
1118 735 1196 793 idem
1234 755 1292 812 qua
1327 737 1474 794 sententia
1498 756 1566 794 usus

397 837 443 904 sit,
469 855 536 894 cum
555 838 697 895 Buteonis
715 840 846 898 colorem
866 841 1056 916 improbaret,
1075 842 1210 902 meminit
1237 846 1285 912 26,
1305 865 1351 917 19-
1377 847 1411 901 ln
1436 845 1565 918 quadam

398 944 618 1003 declamatione
654 965 720 1003 eum
760 965 844 1004 usum
882 967 947 1006 esse
981 952 1098 1006 sanantis
1131 950 1298 1008 clamoribus
1333 971 1417 1009 versu
1454 952 1567 1025 tragico

398 1052 470 1110 dicit
497 1053 588 1124 27,6.
627 1053 774 1122 Meminit,
801 1074 859 1129 qua
883 1057 997 1113 ratione
1021 1058 1112 1114 Latro
1136 1057 1322 1114 scholasticis
1353 1059 1495 1116 audiendi
1519 1077 1566 1116 ne-

398 1158 578 1236 glegentiam
595 1161 817 1234 exprobraverit
835 1181 908 1239 310,
926 1183 972 1220 10.
1020 1163 1159 1221 Latronis
1176 1163 1231 1221 scit
1255 1183 1315 1221 non
1342 1184 1452 1222 rnorem
1478 1165 1568 1222 luisse

399 1285 578 1342 quemquam
614 1267 716 1325 audire
749 1267 979 1338 declamantem,
1015 1270 1202 1328 declamasse
1235 1289 1302 1328 eum
1333 1272 1428 1346 ipsum
1454 1284 1566 1329 tantum

399 1386 428 1433 et
446 1374 556 1432 dixisse
572 1392 603 1431 se
622 1393 680 1431 non
700 1393 764 1433 esse
782 1377 965 1452 magistrum,
983 1378 1036 1435 sed
1053 1378 1222 1453 exemplum
1242 1398 1315 1454 392,
1329 1400 1358 1453 9.
1406 1381 1567 1438 Latronem

400 1496 561 1556 antequam
578 1481 678 1538 dicere
694 1481 849 1558 inciperet,
863 1485 1016 1542 sedentem
1031 1485 1222 1559 quaestiones
1240 1487 1311 1553 eiuS,
1331 1505 1418 1561 quam
1437 1487 1568 1543 dicturus

399 1601 469 1658 erat,
506 1588 725 1646 controversiae
760 1609 929 1665 proponere
966 1591 1085 1649 solitum
1110 1611 1174 1649 esse
1208 1592 1289 1650 testis
1313 1603 1356 1650 est
1395 1609 1505 1668 12,15.
1524 1594 1570 1650 Et

399 1698 491 1754 multa
515 1695 582 1765 alia,
608 1714 685 1770 quae
709 1715 779 1754 mox
802 1699 968 1767 afferemus,
995 1699 1033 1756 ita
1059 1699 1140 1763 dicit,
1168 1709 1198 1756 ut
1222 1699 1269 1756 vix
1293 1699 1492 1758 dubitandum
1516 1699 1563 1767 sit,

400 1804 472 1879 quin
498 1803 669 1872 narraverit,
696 1822 774 1878 qnae
799 1805 862 1880 ipse
886 1805 915 1862 in
941 1806 1045 1863 schola
1068 1805 1205 1863 Latronis
1230 1807 1393 1864 audiverat.

508 1911 591 1968 Alter
614 1910 727 1968 amicus
751 1911 997 1970 familiarissimus
1021 1914 1154 1970 Senecae
1179 1924 1207 1971 et
1231 1914 1293 1972 eius
1317 1914 1444 1971 tiliorum
1466 1913 1571 1988 Junius

401 2019 502 2078 Gallio
538 2017 601 2086 suit,
638 2037 726 2092 quem
753 2019 883 2077 Latrone
914 2030 943 2077 et
975 2021 1091 2078 Seneca
1122 2030 1220 2079 aetate
1250 2021 1406 2088 minorem,
1431 2020 1570 2077 Latronis

401 2127 611 2185 admiratorem
647 2125 737 2183 fuisse
772 2121 930 2208 constat¹).
980 2127 1040 2200 Qui
1070 2139 1192 2185 vocatur
1223 2127 1319 2186 Gallio
1347 2135 1439 2185 noster
1466 2145 1568 2202 125,7.

405 2237 516 2302 168‚1.
564 2234 696 2306 169,10.
738 2250 851 2308 205,4.
892 2251 1004 2307 27o,o.
1050 2251 1164 2310 55ο,1,
1203 2234 1299 2292 Gallio
1337 2243 1425 2291 vester
1455 2251 1569 2308 45r,7.

402 2342 542 2416 Quocum
579 2358 668 2414 qnam
694 2340 878 2398 familiariter
914 2342 1032 2399 Seneca
1068 2341 1245 2399 coniunctus
1277 2342 1372 2409 fuerit,
1398 2342 1510 2417 optime
1535 2360 1572 2398 ex

401 2449 444 2507 eis
468 2447 669 2523 cognoscitur,
703 2466 782 2522 quae
811 2449 849 2506 de
875 2449 1015 2506 Gallione
1045 2460 1073 2507 et
1098 2449 1228 2506 Messala
1253 2460 1406 2506 narrantur
1432 2451 1568 2524 549,18.

402 2555 528 2615 Disertis
569 2554 666 2611 verbis
702 2556 817 2613 Seneca
853 2575 884 2613 se
921 2556 1091 2614 Gallionem
1129 2557 1385 2615 adulescentulum
1423 2555 1572 2613 audivisse

402 2664 475 2722 dicit
503 2679 607 2736 270,9.

510 2772 600 2827 Latro
625 2787 696 2844 ergo
721 2781 750 2828 et
774 2771 875 2828 Gallio
901 2771 989 2828 amici
1009 2771 1134 2840 suerunt,
1160 2790 1225 2828 cnm
1251 2772 1358 2846 quibus
1382 2781 1465 2828 tanta
1489 2769 1573 2827 lami-

402 2877 530 2937 liaritate
556 2878 702 2934 Senecam
739 2879 931 2936 coniunctum
966 2879 1056 2937 fuisse
1080 2889 1207 2948 constat,
1233 2889 1374 2953 quantam
1400 2897 1467 2934 cum
1491 2877 1574 2934 nullo

404 2987 463 3043 alio
499 2985 525 3042 ei
550 2985 727 3044 convenisse
764 2986 953 3044 crediderim.
1002 2986 1175 3044 Amicorum
1212 2996 1310 3044 autem
1342 2985 1464 3042 nomine
1487 2984 1511 3041 si
1535 2984 1574 3040 de

405 3093 446 3151 eis
472 3093 512 3150 uti
537 3092 615 3160 licet,
647 3093 825 3167 quibuscum
851 3104 880 3150 et
904 3112 994 3168 saepe
1030 3103 1059 3150 et
1083 3093 1211 3151 libenter
1234 3111 1397 3168 congruere
1433 3094 1573 3160 solemus,

405 3202 537 3258 Senecae
562 3199 724 3257 amicorum
751 3219 905 3258 numerum
931 3201 1074 3259 maiorem
1099 3199 1188 3258 fuisse
1212 3200 1299 3258 facile
1324 3211 1457 3276 apparet.

512 3327 612 3400 Atque
636 3336 666 3382 ut
682 3326 720 3382 ab
737 3325 772 3383 iis
788 3326 976 3401 incipiamus,
1002 3326 1053 3401 qui
1068 3345 1183 3383 summa
1204 3325 1378 3384 auctoritate
1402 3326 1432 3383 in
1456 3326 1577 3383 civitate

406 3435 586 3501 fruebantur,
612 3433 749 3491 Valerius
785 3434 917 3490 Messala
942 3433 1088 3491 Corvinus
1119 3451 1208 3508 saepe
1240 3451 1306 3490 cum
1332 3433 1473 3492 Gallione
1505 3451 1577 3490 con-

406 3552 538 3599 versatus
571 3559 636 3597 esse
667 3540 783 3598 videtur
808 3544 922 3616 55o,6.
971 3541 1045 3598 Cum
1070 3541 1128 3597 hoc
1159 3550 1256 3598 autem
1282 3540 1397 3598 Seneca
1421 3560 1438 3598 a
1461 3539 1577 3598 Nicetis

407 3649 561 3706 auditione
587 3648 625 3705 ad
650 3649 808 3706 Messalam
834 3648 913 3705 venit
940 3664 1011 3723 550,
1030 3668 1055 3705 1.
1093 3648 1180 3721 Quae
1204 3666 1274 3705 vero
1299 3647 1337 3704 de
1362 3647 1485 3704 Sextilio
1511 3648 1579 3704 Ena

407 3757 436 3813 in
473 3755 622 3813 Messalae
658 3756 749 3813 domo
785 3773 906 3812 carmen
942 3755 1085 3812 recitante
1120 3764 1228 3823 narrat,
1272 3755 1396 3823 Seneca,
1433 3753 1577 3830 quoniam

407 3863 496 3921 dicit:

497 3971 581 4027 Enoc
597 3969 755 4043 interfuisse
767 3971 923 4026 recitationi
934 3968 1067 4026 Serenam
1078 3987 1186 4044 quaque
1201 3969 1359 4026 Cornelium
1372 3969 1425 4025 scio
1439 3983 1510 4043 574,
1529 3989 1578 4044 13,

409 4078 479 4152 quia
514 4095 575 4133 non
614 4076 703 4133 utitur
738 4077 829 4134 verbo
854 4077 976 4145 alentini,
1012 4095 1073 4133 non
1098 4075 1162 4151 ipse
1186 4075 1344 4147 audivisse,
1371 4076 1423 4133 sed
1449 4076 1487 4132 al>
1512 4076 1580 4133 aliis

518 4375 538 4440 ¹)
559 4377 630 4424 Errat
650 4377 754 4440 Gruppe
773 4376 840 4440 quod
860 4392 884 4439 p.
900 4385 932 4438 45
954 4375 1014 4425 dicit
1028 4376 1162 4424 Latronem
1183 4375 1274 4424 totiens
1288 4374 1412 4423 Gallionis
1430 4373 1583 4423 divisionem

410 4466 544 4530 recepisse.
582 4467 675 4514 Nititur
693 4467 756 4514 haec
776 4466 899 4514 sententia
918 4465 1017 4513 duobus
1037 4466 1099 4514 locis
1122 4465 1234 4527 145,16.
1252 4465 1366 4526 416,12,
1386 4463 1476 4527 quibus
1497 4473 1583 4512 tamen

412 4573 470 4603 num
491 4556 574 4603 Gallio
594 4567 651 4604 ante
672 4557 806 4603 Latronem
826 4555 923 4613 dixerit,
944 4572 994 4602 non
1015 4565 1101 4618 aperte
1120 4563 1195 4618 patet.
1234 4555 1328 4602 Contra
1342 4553 1425 4601 Gallio
1445 4553 1585 4601 Latronem

411 4646 558 4710 plerumque
577 4646 694 4710 sequitur.
