3492 5508
661 411 882 472 ,25-

184 599 286 648 orator
306 592 427 664 ranarius
459 607 588 666 447,15.
637 591 798 651 Orationes
815 604 928 667 septem
954 593 1058 661 edidit,
1084 611 1161 668 quae
1185 592 1296 650 deinde
1320 611 1356 648 ex

185 699 468 755 senatusconsulto
502 699 678 757 combustae
714 709 790 771 sunt,
827 700 880 757 sed
911 701 1053 758 extabant
1077 701 1180 769 libelli,
1213 700 1354 774 quicum

186 805 267 861 sama
292 805 354 862 eius
379 805 563 880 pugnabant,
602 807 694 864 multo
730 807 852 880 quidem
887 807 1044 865 solutiores
1080 807 1151 883 ipsis
1187 807 1357 864 actionibus

187 915 302 986 448,3.
352 913 488 970 Eundem
514 914 630 970 Seneca
655 933 721 970 cum
748 913 814 970 filiis
839 913 950 972 arrdivit
987 930 1081 988 447‚7
1121 925 1149 972 et
1184 914 1357 972 novissume

187 1019 310 1092 quidem
335 1022 388 1078 Μ’.
413 1019 542 1077 Aemillo
567 1020 684 1095 Lepido
708 1021 926 1079 declamantem
941 1017 972 1097 ¹).

296 1128 408 1184 Fabius
432 1128 618 1186 declamator
642 1127 694 1184 luit
718 1147 774 1185 nec
799 1127 871 1186 clari
896 1129 1026 1188 nominis
1050 1149 1106 1188 nec
1130 1129 1223 1206 ignoti
1249 1146 1312 1204 454
1329 1146 1356 1205 5.

189 1234 290 1307 Quem
327 1235 456 1292 editores
492 1234 689 1292 decreverunt
724 1235 853 1294 eundem
878 1255 952 1304 esse,
990 1238 1028 1296 de
1056 1257 1116 1311 quo
1141 1238 1215 1295 haec
1240 1237 1358 1312 prodita

188 1351 273 1399 sunt:

279 1449 388 1506 Fabius
412 1450 565 1506 Maximus
581 1450 768 1507 nobilissimus
791 1451 838 1508 air
851 1451 924 1524 suit,
948 1451 1122 1526 quiprimus
1136 1452 1208 1526 soro
1228 1451 1360 1508 Romano

278 1557 353 1613 bura
374 1557 509 1613 noerolium
533 1558 669 1626 morbum,
693 1577 748 1632 quo
771 1575 845 1614 nuru
865 1558 986 1627 loborat,
1010 1559 1105 1614 intulit
1132 1561 1257 1633 158,11.

298 1663 402 1721 Solent
442 1673 539 1721 autem
565 1664 660 1722 sorum
686 1674 714 1722 et
748 1665 851 1722 schola
875 1664 950 1722 inter
973 1684 1005 1722 se
1039 1665 1162 1740 opponi,
1199 1665 1273 1722 sicut
1300 1664 1360 1720 iam

189 1770 386 1846 cognovimus
410 1768 499 1828 illud:

280 1877 400 1934 scholam
424 1879 510 1952 quasi
530 1878 627 1934 ludum
650 1897 715 1948 esse,
731 1880 834 1954 sorum
857 1898 977 1936 arenam
1005 1883 1121 1953 209,18

190 1986 237 2042 vel
273 1984 362 2044 illud:
400 1987 494 2042 uarius
528 2005 625 2042 nomeu
660 1987 689 2042 iu
716 1986 787 2060 foro
820 2006 907 2060 quam
931 1988 961 2044 iu
984 1987 1228 2044 declamationibus
1250 1987 1358 2043 lietbuit.

192 2091 287 2150 Adice
312 2092 400 2150 illud:

279 2201 442 2258 locantem
466 2202 496 2256 iu
511 2200 582 2274 foro
616 2219 671 2256 esse
704 2207 859 2258 curatorem
887 2208 990 2275 petere,
1025 2201 1103 2274 quod
1133 2202 1162 2257 iu
1197 2201 1362 2258 scholasticis

280 2308 431 2364 deriuatioe
453 2326 535 2380 agere
563 2326 677 2381 144,19

192 2425 281 2489 atque
305 2414 371 2482 alia,
409 2434 486 2489 quae
522 2432 696 2472 enumerare
726 2415 848 2488 longum
874 2424 926 2472 est.
974 2414 1060 2488 Nego
1086 2424 1183 2472 alitem
1208 2415 1268 2471 ullo
1292 2415 1361 2471 loco

191 2543 297 2580 vocem
314 2567 333 2590 „
350 2529 453 2580 orum“
469 2522 595 2598 positam
613 2541 678 2579 esse
695 2542 713 2579 a
730 2523 845 2580 Seneca
862 2521 978 2578 dicturo
995 2521 1033 2579 de
1050 2522 1163 2578 schola.
1207 2522 1360 2595 Quamob-

193 2604 253 2688 iem
294 2629 420 2688 Fabium
462 2641 610 2687 oratorem
653 2631 800 2686 forensem
842 2628 931 2686 luisse
966 2628 1082 2703 opinor.
1143 2629 1226 2686 Idem
1263 2640 1360 2686 autem

192 2737 409 2796 declamavisse
433 2736 541 2795 dicitur
570 2739 695 2812 158,1o.

299 2845 456 2902 Passienus
481 2843 623 2918 temporis
648 2843 691 2900 sui
723 2843 835 2918 primus
863 2855 963 2900 orator
986 2855 1014 2900 et
1038 2843 1076 2900 ab
1102 2845 1237 2918 Augusto
1261 2843 1361 2918 magni

192 2952 364 3011 aestimatus
384 2969 498 3028 502,17
527 2952 712 3009 declamator
735 2951 789 3009 suit
805 2949 932 3017 subtilis,
958 2951 1010 3008 sed
1037 2950 1136 3008 aridus
1162 2967 1268 3026 453‚2.
1317 2952 1363 3008 lle

193 3079 254 3135 quo
279 3059 337 3117 iam
362 3058 578 3133 disputavimus
589 3052 621 3132 2).

300 3169 347 3224 De
372 3167 410 3239 Q.
437 3166 572 3235 Haterio,
599 3165 649 3240 qui
673 3174 699 3222 et
713 3166 848 3240 promisit
861 3173 1000 3223 oratorem
1024 3173 1051 3222 el
1065 3167 1217 3240 piracium,
1243 3181 1337 3237 427‚2
1344 3184 1360 3238 3

193 3275 384 3333 declamante
409 3274 479 3332 item
504 3272 696 3331 disseruimus
709 3265 743 3354 ³).
785 3273 883 3346 Quem
909 3273 1025 3330 Seneca
1050 3273 1267 3330 declamantem
1294 3273 1362 3328 ube·

192 3383 253 3440 rius
278 3381 444 3456 descripsit,
470 3381 620 3439 dicentem
647 3381 675 3437 in
701 3381 766 3438 foro
791 3399 938 3454 nusquam
962 3379 1077 3437 induxit
1098 3397 1201 3451 227‚1.

301 3487 412 3546 Solebat
443 3489 598 3545 declamare
630 3489 748 3545 studiose
779 3495 805 3544 et
831 3487 974 3544 Turrinus
1003 3487 1115 3544 Clodius
1140 3507 1158 3557 4
1164 3502 1268 3560 54‚14.
1317 3487 1363 3542 De

193 3615 255 3668 quo
279 3596 354 3653 haec
377 3597 530 3670 leguntur:

284 3703 405 3776 negabat
425 3704 519 3778 itaque
543 3708 589 3774 (sc.
615 3703 718 3772 Latro)
744 3703 797 3759 ulli
809 3722 837 3759 se
854 3703 965 3777 placere
981 3710 1063 3776 posse
1086 3702 1143 3758 rusi
1164 3709 1269 3770 toturu,·
1288 3719 1365 3756 uorsa

283 3813 355 3868 euim
379 3817 462 3867 semet
484 3802 550 3868 suas
573 3812 646 3868 uires
669 3819 696 3867 et
716 3811 833 3867 illarum
848 3810 959 3884 fiducia
982 3810 1048 3866 aliis
1072 3810 1216 3866 melrreuda
1238 3815 1265 3863 et
1280 3815 1364 3881 prae-

284 3926 368 3993 rupta
392 3919 510 3994 audere;
536 3919 624 3975 multa
647 3938 751 3975 serron
768 3917 940 3992 persuadere
962 3917 1055 3984 iudici,
1078 3917 1129 3973 sed
1140 3917 1263 3990 differre.
1295 3915 1364 3970 Tur-

284 4028 364 4083 riuus
387 4033 483 4084 contra
507 4027 581 4082 nibil
595 4026 719 4100 probare
743 4027 801 4081 uisi
822 4031 929 4095 tutum;
952 4043 1006 4080 riou
1030 4026 1101 4098 quia
1130 4023 1269 4080 iuberillus
1293 4029 1363 4090 errat,

283 4135 333 4191 sed
352 4136 420 4208 quia
444 4135 658 4208 circumspectus.
692 4150 792 4189 causas
822 4151 900 4188 neruo
932 4131 1090 4204 diligentius
1107 4131 1263 4206 proposuit,
1288 4148 1365 4186 aemio
