3492 5508
660 465 883 522 ...39-

177 643 279 700 maior
296 662 363 718 pars
386 662 492 719 graece
516 643 598 700 dicta
622 643 668 700 sit.
716 644 850 702 Graecos
867 653 963 700 autem
982 643 1198 700 declamatores
1223 641 1354 716 exceptis

179 753 382 825 Hermagora,
409 751 524 818 Nicete,
550 751 615 808 aliis
633 751 737 826 paucis
755 752 871 808 Seneca
887 751 1101 808 contemnebat
1128 767 1210 823 7o‚1.
1240 767 1352 822 77‚20.

181 861 255 925 86‚1
264 877 279 933 5
296 859 333 916 al.
352 858 453 915 Minus
467 857 555 933 igitur
567 859 682 932 graecis
696 877 786 932 quam
799 857 898 915 latinis
912 857 1182 916 declamationibus
1197 857 1354 915 audiendis

179 965 336 1024 vacavisse
360 965 486 1023 videtur.

462 1159 520 1224 VI.
567 1158 617 1224 Do
641 1158 835 1224 traditione
860 1160 1084 1226 scholastica.

741 1315 803 1372 26.

273 1429 364 1504 He'spa
387 1430 547 1485 Raneanius
570 1430 646 1485 dixit
675 1430 790 1486 arabilem
828 1429 906 1486 illam
930 1432 1103 1498 seutentiam,
1136 1449 1223 1504 quam
1247 1430 1356 1485 Fabius

272 1537 424 1592 Maximus
446 1536 656 1610 circumferebat
682 1539 806 1610 156,13.

273 1644 395 1714 (Varias
422 1643 569 1712 Gentinos)
587 1644 661 1699 leam
682 1645 854 1712 sententiam,
892 1663 964 1718 quere
994 1643 1075 1700 vellete
1109 1645 1272 1700 circumlata
1307 1651 1355 1712 est,

272 1751 372 1807 adiecit
394 1752 523 1824 326,18.

271 1858 351 1926 illud,
382 1859 460 1932 qued
479 1865 626 1932 turaqunnr
650 1858 786 1914 [atronis
815 1857 1019 1931 circumferar,
1050 1877 1105 1914 nnn
1132 1877 1188 1914 esse
1219 1857 1356 1914 Latronis

265 1973 322 2039 pre
345 1966 497 2021 testimonie
520 1965 577 2021 elica
593 1961 695 2041 392,6.

273 2072 430 2142 (Albucius)
455 2072 591 2128 Latronis
622 2073 687 2128 illas
716 2073 864 2128 sententias
894 2072 988 2128 aiebat
1020 2073 1143 2128 tnneidns
1176 2073 1267 2144 retegis
1302 2090 1356 2128 esse

271 2199 357 2254 quam
366 2179 468 2253 fortes,
492 2198 566 2252 quac
580 2197 691 2235 surama
707 2180 852 2235 bertranum
878 2179 1067 2235 arlnu'ratiauc
1091 2179 1358 2252 circumferebantur

274 2289 403 2358 464,ro.

273 2393 390 2464 (Latro)
414 2399 441 2449 et
461 2393 540 2448 illam
564 2393 641 2448 dixit
661 2393 754 2449 nicenus
777 2400 871 2450 natam
895 2395 1067 2462 seutentiam,
1103 2393 1154 2450 scel
1184 2413 1239 2450 nau
1263 2395 1356 2450 minus

272 2501 373 2558 bonam
398 2519 505 2575 393,4.

272 2608 408 2664 Latronis
431 2607 482 2663 illa
507 2608 614 2663 celebris
636 2609 770 2664 sententia
794 2614 840 2675 est,
872 2627 958 2680 quam
994 2607 1119 2682 Sparsus
1153 2627 1261 2682 qunque
1295 2609 1355 2665 sub—

272 2717 368 2772 tractis
390 2715 558 2788 quibusdam
583 2716 673 2771 uerbis
696 2715 772 2770 dixit
795 2717 922 2788 504,16.

277 2821 404 2896 Glycam's
427 2823 535 2878 celebris
557 2823 690 2878 sententia
714 2828 754 2878 est
777 2837 849 2895 527,
854 2841 883 2894 3.

291 2931 414 2998 OmneS,
434 2947 508 3004 quos
525 2929 573 2986 hic
590 2927 619 2984 in
638 2948 697 2986 uno
715 2940 879 3002 conspectu
904 2929 999 3003 posui,
1024 2929 1083 2986 loci
1101 2930 1213 2986 docent
1229 2929 1355 2987 illustres

184 3038 329 3113 quasdam
355 3036 517 3094 sententias
534 3055 594 3093 non
619 3037 713 3092 solum
733 3036 825 3093 semel
843 3035 937 3092 dictas
954 3055 1028 3102 esse,
1054 3036 1107 3093 sed
1132 3036 1221 3093 etiam
1250 3048 1356 3112 postea

184 3148 260 3202 inter
284 3145 392 3202 multos
418 3143 561 3200 memoria
584 3155 717 3200 servatos
743 3158 771 3200 et
807 3142 925 3217 saepius
950 3143 1100 3200 adhibitas
1126 3163 1200 3201 esse.
1249 3145 1356 3218 Neque

185 3272 255 3310 vero
280 3253 317 3309 de
342 3251 413 3308 solis
438 3250 592 3308 sententiis
628 3261 677 3308 aut
701 3250 853 3308 coloribus
878 3251 937 3307 hoc
961 3251 1049 3308 valet.
1097 3251 1178 3308 Dicit
1202 3253 1280 3309 enim
1307 3253 1355 3310 Se-

183 3376 278 3418 neca:

273 3469 389 3524 Diuisio
415 3467 667 3524 controuersiarum
691 3467 811 3539 antiqua
834 3465 952 3540 simplex
966 3466 1039 3538 fin't,
1065 3483 1155 3522 recens
1178 3473 1273 3522 utrum
1297 3466 1356 3521 sub-

272 3575 350 3631 tilicr
371 3594 410 3630 an
438 3581 547 3630 tantum
571 3574 711 3647 operosior
736 3573 781 3640 sit,
806 3573 861 3645 ipsi
893 3573 1093 3642 aestinnabitis;
1128 3591 1174 3646 ega
1209 3581 1357 3646 exponam,

273 3701 346 3756 quae
368 3688 421 3738 aut
451 3687 551 3738 ueteres
574 3682 741 3737 inuenerunt
775 3686 829 3735 ant
859 3687 999 3753 sequentes
1022 3681 1228 3735 adstruxerunt
1252 3698 1356 3752 22,13.

293 3789 385 3861 Quod
410 3787 554 3861 quoniam
579 3806 640 3844 non
665 3787 703 3844 de
721 3784 876 3844 dividendi
902 3796 973 3854 arte,
1000 3787 1053 3843 sed
1078 3786 1116 3842 de
1140 3785 1263 3860 singulis
1288 3805 1357 3842 con-

184 3896 333 3954 troversiis
368 3894 495 3964 disserit,
532 3906 645 3952 veteres
669 3904 698 3950 et
732 3902 867 3950 recentes
904 3893 1121 3950 declamatores
1151 3893 1270 3950 easdem
1297 3894 1358 3950 fere

184 4002 401 4061 controversias
426 4001 651 4070 declamavisse,
684 4011 816 4057 veterum
846 4009 944 4056 autem
962 4001 1124 4057 divisiones
1143 3999 1358 4058 recentioribus

185 4109 438 4169 declamatoribus
462 4107 502 4166 ita
527 4119 612 4165 notas
637 4109 737 4176 luisse,
764 4116 794 4162 ut
817 4105 862 4162 his
888 4117 916 4164 et
940 4108 980 4165 uti
1003 4118 1032 4165 et
1056 4126 1149 4164 novas
1168 4107 1358 4182 quaestiones

185 4218 337 4275 adstruere
361 4216 520 4291 potuerint,
547 4227 680 4292 apparet.

292 4323 486 4382 Subnascitur
510 4324 598 4399 igitur
621 4324 767 4398 quaesti0,
804 4343 875 4380 mim
901 4333 1015 4380 veteres
1040 4323 1257 4380 declamatores
1283 4321 1358 4378 letus

185 4451 254 4490 suos
278 4431 391 4506 publici
416 4430 486 4487 iuris
522 4431 621 4488 sacere
657 4431 735 4487 soliti
760 4431 827 4488 sint.
876 4431 925 4487 Ad
950 4448 1039 4503 quarn
1064 4429 1271 4503 quaestionem
1297 4447 1359 4484 non

184 4539 322 4615 pertinet,
360 4538 443 4612 quod
472 4539 599 4595 Scaurus
635 4537 784 4596 orationes
810 4547 924 4612 septem
955 4536 1050 4593 edidit
1075 4538 1181 4608 4483.
1214 4535 1360 4592 Oratianis

185 4647 265 4706 enim
300 4665 375 4705 voce
410 4664 563 4720 nunquam
587 4647 702 4703 Seneca
721 4646 774 4703 ¹de
800 4643 1071 4703 declamationibus
1096 4662 1164 4701 usus
1189 4655 1234 4701 est
1258 4660 1359 4716 neque
