3492 5508
672 428 884 488 „15-

295 605 376 679 Quid
391 607 482 684 ergo?
499 608 610 666 Nostro
626 609 696 666 loco
712 610 751 668 de
768 609 879 667 lorensi
897 607 1026 676 actione,
1044 626 1105 665 non
1123 609 1161 666 de
1178 609 1359 667 scholastica

186 712 303 786 agitur?
328 715 483 774 Confiteor
517 733 565 774 me
601 717 727 792 primum
760 718 829 775 huic
853 717 989 794 opinioni
1014 716 1132 775 favisse.
1181 717 1240 775 Sed
1265 717 1358 792 inqui·

187 838 284 878 ramus
308 821 338 878 in
362 822 475 896 Syriaci
500 823 579 880 Valli
604 824 755 883 actiones:

275 943 335 985 cum
352 931 453 1004 prtum
477 932 582 988 actione
604 931 710 1000 diceret,
735 950 790 988 nun
807 934 907 1006 posuit
928 949 1052 998 causum,
1077 931 1127 988 sed
1146 939 1360 1005 oratemeututus

275 1042 329 1105 est‚·
345 1036 421 1094 dixit
426 1039 616 1112 probaturum
632 1058 660 1096 se
671 1039 867 1114 deprehensam
884 1041 914 1096 in
937 1039 1056 1097 cubiculo
1071 1055 1131 1096 curu
1154 1057 1234 1096 seruo
1254 1056 1357 1112 127‚1.

295 1143 381 1200 Haec
405 1144 545 1203 videlicet
569 1145 647 1204 actio
673 1165 690 1203 a
714 1155 797 1222 parte
821 1145 936 1204 domini
961 1157 1013 1204 est.
1062 1147 1122 1204 Cur
1146 1146 1227 1204 enim
1251 1147 1357 1222 proba·

186 1259 267 1306 turus
303 1261 348 1307 est
382 1251 598 1326 deprehensam
631 1253 660 1310 in
686 1253 826 1311 cubiculo
863 1272 930 1310 cum
961 1271 1057 1322 servu,
1083 1253 1141 1311 nisi
1165 1264 1196 1310 ut
1221 1253 1357 1311 adulterii

186 1369 353 1415 matronam
378 1358 567 1418 convinciat!
615 1361 643 1418 A
666 1371 749 1436 parte
774 1361 849 1418 servi
885 1362 944 1418 hoc
974 1379 1034 1418 non
1069 1361 1259 1436 probandum
1294 1361 1358 1429 fnit,

186 1465 239 1521 sed
269 1467 481 1524 excusandum.
530 1468 589 1525 Sed
623 1468 661 1526 de
697 1468 804 1528 eadem
829 1468 949 1526 actione
974 1469 1089 1525 Seneca
1114 1469 1188 1525 haec
1213 1467 1357 1544 amplius:

275 1572 369 1646 Negu
379 1574 553 1643 Bruttedius,
566 1591 626 1632 eum
638 1583 741 1649 ageret,
757 1576 852 1634 obiecit
861 1575 985 1650 Syriaco,
999 1575 1076 1650 qued
1088 1593 1202 1632 creusam
1214 1595 1269 1633 non
1274 1584 1358 1650 peste-

275 1681 347 1748 isset,
371 1688 398 1737 et
429 1682 533 1738 institit
551 1682 677 1750 adsidue,
708 1701 798 1756 queue
837 1701 891 1740 nen
923 1689 1081 1758 appareret,
1105 1683 1240 1756 quemodo
1262 1701 1359 1740 semus

274 1787 436 1844 sollicitatus
457 1795 532 1862 esset,
556 1789 691 1864 quomode
710 1789 857 1862 perelectus
880 1791 910 1846 iu
933 1790 1082 1846 cubiculum
1113 1806 1214 1864 127,3.

293 1894 371 1952 Num
409 1896 485 1954 haec
509 1913 640 1971 quoque,
674 1907 779 1956 contra
813 1913 890 1970 quae
915 1896 1007 1972 Niger
1030 1896 1198 1954 Bruttedius
1233 1907 1356 1973 pugnat,

185 2011 311 2076 aparte
341 2001 523 2060 accusatoris
555 2001 645 2061 luisse
669 2001 775 2078 putas?
807 2003 945 2060 Profecto
976 2002 999 2060 si
1025 2003 1162 2061 adulterii
1194 2021 1245 2061 eos
1271 2021 1358 2061 accu-

186 2110 281 2178 sabat,
318 2127 378 2167 non
414 2127 490 2184 opus
520 2109 547 2168 ei
579 2119 642 2168 erat
672 2109 853 2176 describere,
879 2111 1034 2185 quomodo
1059 2129 1158 2168 servus
1183 2109 1357 2168 sollicitatus

186 2226 274 2284 esset,
317 2217 472 2291 quomodo
515 2217 675 2293 perductus
710 2218 740 2274 in
776 2218 958 2276 cubiculum.
1020 2220 1144 2293 Propter
1179 2217 1356 2276 adulterium

186 2323 301 2382 scilicet
337 2325 395 2382 hoc
430 2325 530 2383 fiebat.
591 2326 630 2382 At
662 2324 713 2400 qui
745 2325 922 2382 adulterium
954 2325 1065 2383 lactum
1090 2343 1156 2384 esse
1179 2334 1279 2400 negat,
1305 2324 1356 2400 qui

186 2447 302 2488 servum
329 2431 489 2489 adomino
513 2430 543 2488 in
560 2431 730 2489 cubiculum
750 2433 911 2490 adductum
930 2432 1145 2507 mulieremque
1169 2432 1210 2490 ita
1234 2432 1357 2490 circum·
1448 2438 1451 2445 '

187 2549 308 2596 ventam
333 2555 398 2596 esse
422 2538 587 2607 contendit,
613 2539 672 2595 hoc
703 2540 858 2613 quomodo
883 2540 1019 2598 effectum
1046 2540 1091 2608 sit,
1118 2539 1267 2598 iudicibus
1291 2557 1357 2616 pro·

186 2644 258 2702 bare
282 2644 382 2702 debet.
430 2645 510 2720 Ergo
535 2643 698 2718 Syriacum,
725 2645 783 2712 cui,
809 2646 892 2720 quod
916 2646 946 2705 id
963 2645 1218 2721 praetermisisset,
1244 2646 1354 2724 obicie-

187 2751 282 2825 batur,
308 2770 369 2809 uon
387 2753 482 2809 solum
501 2771 518 2809 a
541 2762 625 2827 parte
642 2752 821 2821 accusantis,
847 2753 1006 2812 sedetiam
1032 2763 1150 2828 aparte
1167 2753 1357 2812 defendentis

186 2857 297 2917 dixisse
331 2859 437 2918 elucet.
487 2859 579 2932 Quod
616 2878 683 2916 cum
709 2859 738 2916 in
775 2860 840 2916 foro
876 2861 985 2918 lactum
1016 2878 1166 2918 essenon
1191 2859 1295 2936 possit,
1319 2861 1357 2919 de

186 2966 368 3025 scholastica
391 2966 595 3024 controversia
619 2967 668 3024 hic
693 2966 798 3042 agitur,
849 2967 919 3040 Quo
944 2967 1096 3026 intellecto
1122 2968 1210 3026 etiam
1235 2969 1325 3027 illud:

276 3073 435 3130 adulterum
471 3080 616 3132 accusator
647 3076 677 3132 iu
712 3073 863 3132 cubiculum
893 3093 980 3148 usque
996 3075 1143 3149 perduxit,
1161 3083 1305 3149 patrunus
1327 3077 1357 3133 in

273 3180 369 3238 lectum
398 3182 523 3249 126,16.

293 3297 418 3363 aparte
442 3288 631 3346 defendentis
656 3288 767 3346 dictum
792 3307 857 3348 esse
882 3300 955 3364 puto
979 3308 1053 3347 voce
1079 3289 1279 3358 „adulterent‘
1305 3310 1358 3366 per

185 3394 312 3452 ironiam
348 3406 497 3471 usurpata.
556 3396 695 3471 Namque
731 3416 791 3471 qua
827 3397 942 3456 ratione
978 3397 1034 3454 tria
1064 3397 1115 3454 illa
1140 3398 1231 3455 verba
1255 3398 1357 3456 ultima

184 3509 344 3579 ,patrenus
366 3504 396 3560 in
418 3504 534 3562 lectant‘
566 3503 741 3578 interpreter
775 3515 928 3580 tamquam
965 3505 1004 3562 ab
1040 3513 1200 3562 accusante
1231 3504 1357 3562 domino

184 3609 276 3679 dicta,
301 3610 389 3684 plane
414 3609 529 3685 ignoro

290 3716 387 3774 Adice
412 3718 495 3791 quod
519 3716 598 3774 hunc
622 3717 722 3774 locum
747 3716 967 3774 introducturus
992 3719 1108 3776 Seneca
1132 3717 1222 3776 dicit:

278 3823 352 3882 Orto
381 3831 473 3882 tamen
489 3824 599 3900 sunaus
629 3825 692 3882 bene
715 3824 819 3882 dicebat
843 3826 898 3882 Itos
926 3827 1135 3893 controuersias,
1167 3843 1240 3900 quae
1270 3827 1357 3900 suspi-

272 3933 339 3989 ciose
361 3932 490 3990 dt'cendae
521 3938 611 3989 erunt.
637 3933 732 4006 itaque
755 3934 870 3990 rueuu'm'
890 3934 989 4006 optime
1012 3931 1091 3989 illum
1115 3933 1201 3988 eb'eere
1230 3951 1264 3988 12
1271 3949 1356 4007 5,r4,

290 4038 376 4112 quasi
401 4039 552 4096 locuturos
572 4039 608 4096 sit
625 4039 664 4097 de
688 4039 789 4112 aliqua
805 4038 1011 4096 controversia
1027 4038 1192 4114 suspiciose
1216 4038 1355 4109 dicenda,

183 4163 274 4222 quam
299 4145 381 4204 Otho
404 4146 508 4222 Junius
534 4147 611 4204 bene
635 4146 823 4205 declamavit.

743 4373 804 4430 14.

290 4504 378 4563 Nunc
409 4523 480 4564 vero
512 4505 666 4581 quomodo
690 4505 852 4564 discrimen
877 4505 1102 4580 explicabimur,
1128 4505 1210 4580 quod
1236 4505 1356 4565 interest

182 4613 259 4671 inter
283 4617 397 4692 498,5,=
426 4613 476 4670 ubi
502 4614 618 4671 Seneca
649 4623 740 4690 negat
771 4613 966 4670 scholasticos
998 4613 1115 4671 duobus
1146 4613 1220 4670 locis
1245 4614 1355 4686 dicere,
