3492 5508
689 423 888 480 ..7-

293 611 387 674 natus,
412 605 470 662 nisi
490 605 586 661 scirem
609 611 636 661 et
649 602 801 660 Pollionem
827 601 961 659 Asinium
984 609 1012 660 et
1031 603 1189 660 Messalam
1221 601 1374 659 Caeninum

293 717 320 766 et
351 711 529 779 Passienum,
565 712 616 785 qui
647 727 721 766 nune
746 710 844 784 prima
876 709 930 766 laea
965 716 1030 778 stat,
1064 711 1157 766 minus
1191 710 1255 766 bene
1286 710 1378 766 raideri

293 811 414 888 dicenl)
438 837 525 892 quam
553 817 674 876 Cestium
696 825 750 874 aut
769 817 922 874 Latronem
948 818 1053 886 210,6.

312 926 378 983 Hos
403 925 491 999 igitur
513 935 572 983 tres
596 924 674 982 viros
710 943 765 1000 pro
801 923 924 982 summis
959 924 1100 1000 temporis
1136 924 1180 981 sui
1206 924 1374 982 oratoribus

205 1033 314 1091 habere
337 1033 454 1090 videtur
478 1043 568 1106 atque
593 1032 669 1090 inter
692 1050 744 1090 eos
768 1031 912 1090 Passieno
929 1032 1056 1106 primum
1077 1032 1176 1088 locum
1196 1032 1372 1089 concedere.

205 1141 252 1197 lle
276 1140 349 1197 tanti
387 1149 485 1197 autem
521 1139 575 1196 viri
599 1138 786 1196 orationibus
822 1139 852 1195 in
888 1140 954 1196 foro
990 1139 1099 1196 habitis
1124 1159 1160 1196 ea
1184 1157 1261 1214 quae
1285 1157 1374 1214 supra

205 1247 391 1304 laudavimus
416 1247 551 1305 Cassium
582 1265 717 1307 narrasse
746 1245 869 1304 minime
898 1247 1081 1304 credendum
1107 1257 1158 1304 est.
1207 1249 1312 1320 Itaque
1336 1247 1374 1304 de

205 1354 338 1412 Passieni
363 1353 634 1412 declamationibus
668 1353 717 1410 hic
754 1353 801 1428 agi
838 1373 892 1428 pro
917 1365 998 1410 certo
1022 1353 1130 1425 habe0,
1168 1372 1246 1428 quae
1270 1353 1374 1428 opinio

206 1461 294 1518 etiam
321 1461 416 1536 magis
440 1462 642 1528 confirmatur,
679 1461 762 1534 quod
798 1461 837 1518 ad
862 1459 990 1518 eundem
1015 1459 1137 1518 Cassius
1162 1459 1234 1517 mihi
1259 1460 1375 1518 videtur

207 1569 348 1636 alludere,
374 1587 441 1624 curn
467 1567 518 1625 illo
542 1569 611 1625 loco
634 1567 745 1626 adicit:

294 1677 412 1733 miraris
435 1675 549 1732 eundem
573 1694 628 1732 eran
663 1694 750 1749 aeque
781 1676 845 1732 bene
879 1674 1034 1730 declamare
1060 1693 1147 1748 quam
1170 1693 1271 1734 causas
1293 1696 1375 1749 agere

293 1791 347 1840 aret
367 1782 481 1839 eundem
504 1801 560 1839 nau
583 1789 642 1838 tane
667 1782 731 1838 bene
746 1783 892 1838 suasorias
906 1800 994 1855 qnam
1011 1781 1153 1838 iudiciales
1175 1785 1375 1840 controuersias

293 1887 406 1947 rtz'cerei
431 1908 536 1962 209,2.

313 1997 382 2053 Hoc
406 2014 476 2054 vero
500 1995 525 2052 si
560 2005 640 2053 recte
665 2013 712 2052 me
748 1993 858 2052 dixisse
883 1994 1078 2064 concesseris
1116 2014 1263 2069 quosnam
1288 2007 1374 2072 putas

206 2105 272 2161 illos
300 2103 400 2173 fuisse,
438 2103 561 2177 quibus
581 2122 705 2160 necesse
741 2112 818 2160 esset
853 2103 953 2160 media
989 2101 1115 2160 audire?
1161 2103 1308 2160 Nimirum
1336 2105 1374 2162 de

207 2211 310 2269 amicis
340 2230 379 2269 ne
403 2210 579 2286 cogitemus
605 2210 689 2268 Cassi
717 2210 817 2268 Severi
843 2211 980 2285 exemplo
1005 2210 1207 2285 prohibemur,
1234 2211 1285 2286 qui
1310 2211 1374 2287 ipse

206 2339 237 2376 se
261 2319 337 2376 inter
360 2319 428 2375 illos
453 2317 602 2392 fugientes
626 2328 654 2375 et
677 2317 715 2374 ad
740 2317 893 2392 epilogum
917 2327 1097 2376 revellentes
1122 2329 1265 2388 numerat,
1292 2319 1374 2377 dum-

206 2427 298 2484 modo
333 2426 406 2483 illud
442 2427 650 2494 „reuertimur“
688 2443 743 2500 pro
779 2425 911 2499 genuina
949 2425 1078 2483 lectione
1114 2426 1267 2484 habeatur:
1327 2429 1374 2486 De

206 2532 360 2608 discipulis
384 2532 472 2607 igitur
506 2551 674 2590 sermonem
709 2550 774 2590 esse
810 2531 957 2601 existimo,
994 2532 1102 2606 quibus
1126 2552 1143 2591 e
1167 2534 1271 2590 schola
1296 2534 1374 2592 exire

206 2641 249 2698 fas
274 2661 336 2698 non
360 2649 432 2698 erat.
480 2635 588 2698 Utrum
604 2658 675 2697 vero
700 2640 764 2714 ipse
788 2639 946 2698 Passienus
971 2639 1136 2714 discipulos
1160 2640 1318 2698 instituerit
1336 2661 1373 2699 an

207 2748 236 2805 in
262 2747 368 2806 alienis
392 2747 503 2804 scholis
527 2746 749 2816 declamaverit,
775 2765 810 2804 ex
834 2746 890 2816 his,
920 2766 996 2822 quae
1021 2748 1137 2806 Seneca
1161 2748 1243 2817 dicit,
1269 2748 1374 2806 diiudi-

206 2855 266 2913 cari
290 2875 351 2912 non
376 2864 482 2930 potest.
533 2855 626 2928 Quod
651 2866 802 2930 utcunque
826 2855 973 2924 sehabet,
1000 2855 1156 2913 Passienus
1174 2857 1374 2914 declamando

206 2963 282 3020 sicut
306 2963 427 3020 Asinius
451 2961 547 3018 Pollio
584 2961 714 3019 exerceri
750 2961 867 3019 videtur
891 2962 1019 3020 voluisse
1043 2996 1087 3002 —
1111 2964 1189 3021 male
1213 2963 1292 3020 enim
1317 2963 1375 3020 hoc

206 3088 296 3145 opere
320 3069 461 3144 gloriatus
498 3078 584 3138 esset,
621 3069 703 3126 cuius
728 3068 968 3126 declamationes·
1001 3069 1187 3126 auditoribus
1216 3070 1293 3127 adeo
1318 3069 1375 3127 dis·

206 3177 315 3253 plicere
352 3177 490 3252 solebant
525 3211 568 3217 —
604 3187 632 3233 et
668 3176 706 3234 ad
737 3177 790 3233 has
815 3176 1051 3235 declamationes
1084 3187 1112 3234 et
1136 3177 1241 3235 Cassio
1266 3177 1375 3234 Severo

206 3296 235 3342 et
259 3284 325 3342 aliis
350 3283 447 3342 aditus
471 3283 705 3359 permittebatur.

427 3549 475 3614 II.
503 3549 554 3614 De
578 3549 898 3615 exercitationibus
922 3548 1157 3614 scholasticis.

776 3705 811 3762 6.

312 3803 371 3861 Sed
396 3802 539 3877 quoniam
566 3801 702 3859 dicentes
726 3801 900 3860 Passienum
925 3801 955 3858 in
980 3821 1033 3859 sua
1064 3812 1113 3860 aut
1142 3802 1240 3860 aliena
1272 3803 1376 3860 schola

205 3911 390 3968 declamasse
402 3909 638 3984 quodammode
655 3909 738 3983 quod
751 3908 885 3966 nondum
900 3909 1057 3984 probatum
1067 3918 1137 3978 erat,
1152 3909 1375 3984 occupavimus,

205 4035 294 4085 nunc,
321 4016 442 4074 ubinam
468 4016 537 4074 illae
562 4016 791 4074 exercitationes
816 4016 927 4074 institui
952 4016 1057 4074 solitae
1081 4017 1149 4087 sint,
1175 4015 1262 4073 nobis
1287 4035 1376 4090 quae-

206 4125 330 4183 rendum
361 4133 412 4182 est.
469 4124 518 4181 Ad
550 4125 632 4198 quod
662 4124 850 4199 propositum
879 4123 1016 4198 pertinet,
1049 4124 1132 4198 quod
1163 4125 1280 4182 Seneca
1308 4123 1377 4182 filiis

205 4233 385 4300 iubentibus¹
410 4231 534 4306 quidde
556 4232 601 4288 leis
625 4231 855 4289 declamatoribus
877 4233 998 4300 sentiret,
1022 4233 1074 4306 qui
1099 4233 1129 4288 in
1153 4239 1270 4288 aetatem
1294 4250 1377 4288 suam

313 4621 334 4690 ¹)
354 4625 440 4672 audiri
457 4622 595 4686 Kiessling,
614 4624 696 4670 uideri
714 4623 745 4672 O.
