3492 5508
877 383 1097 438 „26-

491 576 632 649 respondit
646 578 783 650 paratius
795 599 804 646 ,·
830 584 858 633 et
871 579 1022 651 pecaniam
1046 579 1140 652 itaque
1162 585 1190 635 et
1209 579 1381 651 cognitatem,
1405 597 1492 652 quam
1508 577 1572 651 pri·

492 703 568 739 enam
598 685 628 739 in
645 685 794 758 praetacta
820 685 966 760 lh'spom'o
990 686 1098 754 habuit,
1133 685 1302 760 eloquentiae
1323 686 1416 742 debuit
1441 699 1569 758 455,10.

513 791 603 847 Hunc
627 790 726 847 locum
745 810 838 865 usque
862 791 901 848 ad
914 792 1037 848 verbum
1051 793 1297 867 „circumspeclus“
1308 791 1347 850 de
1359 791 1570 862 declamatore,

403 897 559 970 sequentia
573 917 642 955 vero
660 898 698 955 de
715 909 832 955 oratore
850 899 930 956 dicta
946 918 1011 956 esse
1028 900 1073 956 vel
1094 899 1165 957 inde
1181 899 1323 973 sequitur,
1344 899 1427 973 quod
1438 899 1571 956 Senecae

403 1004 587 1079 temporibus
602 1024 617 1062 e
632 1005 799 1062 rhetoribus
814 1024 913 1074 nem0,
928 1017 957 1062 ut
969 1006 1093 1074 videtur,
1109 1008 1273 1082 ,pecuniam
1290 1014 1374 1081 atque
1388 1007 1570 1080 dignitatent‘

404 1111 461 1168 sibi
485 1111 609 1186 paravit,
635 1131 712 1186 quae
737 1113 858 1187 quidem
884 1112 1051 1170 officiorum
1068 1112 1199 1171 civilium
1216 1113 1373 1170 sollemnia
1392 1131 1456 1170 esse
1473 1113 1571 1170 solent

403 1219 545 1292 praemia.
600 1221 634 1276 ln
659 1220 793 1277 Senecae
817 1231 916 1276 autem
940 1219 1022 1278 libris
1047 1239 1122 1277 unus
1147 1220 1272 1278 Clodius
1296 1220 1423 1278 Sabinus
1447 1237 1570 1295 parvum

404 1325 543 1382 salarium
570 1326 723 1401 accepisse
748 1321 889 1402 dictiue).
938 1327 1075 1385 Cratonis
1099 1328 1241 1385 talentum
1265 1327 1348 1402 quod
1372 1345 1433 1384 non
1458 1345 1570 1384 merces

403 1432 551 1507 stipulata,
577 1434 629 1491 sed
648 1434 760 1491 donum
778 1434 915 1492 Caesaris
933 1445 986 1503 est,
1004 1435 1053 1492 hic
1070 1435 1177 1492 referre
1194 1435 1238 1492 fas
1255 1453 1316 1491 non
1334 1444 1386 1492 est.
1434 1434 1569 1500 Accedit,

404 1540 485 1615 quod
522 1540 560 1598 de
597 1536 717 1599 actione
741 1541 873 1599 iudiciali
906 1537 1015 1600 dicitur
1045 1561 1131 1599 cuasa
1160 1544 1285 1616 174,16.
1321 1561 1425 1616 209,2.
1474 1561 1567 1612 412,2

403 1657 432 1704 et
462 1667 508 1705 10.
536 1664 664 1722 454,10.
694 1652 822 1724 582‚20.
848 1650 885 1706 al.
934 1650 1008 1706 Sunt
1029 1659 1125 1707 autem
1145 1650 1206 1707 duo
1223 1649 1323 1706 officia
1339 1649 1474 1726 oratoris,
1498 1647 1571 1706 eius-

407 1755 498 1824 modi,
524 1765 555 1812 ut
580 1765 608 1812 et
632 1775 736 1812 causas
761 1756 914 1813 clientium
940 1769 1009 1831 agat
1033 1767 1061 1814 et
1086 1757 1124 1814 ab
1149 1756 1324 1815 adversariis
1349 1776 1400 1814 eos
1418 1755 1568 1814 defendat.

403 1862 593 1920 Defendendi
611 1881 680 1920 vero
697 1863 755 1920 vim
774 1864 865 1921 habet
879 1883 937 1922 vox
955 1864 1158 1939 respondendi
1183 1881 1285 1939 117,9.
1317 1866 1419 1936 1800.
1443 1883 1568 1937 209,11.

403 1972 497 2044 4985
524 1989 569 2043 sq.
617 1971 776 2045 J'roponere
799 1981 842 2028 est
866 1972 1034 2046 ,proferre‘
1059 1972 1121 2030 sive
1145 1972 1273 2040 „dicere“
1297 1971 1334 2028 cf.
1366 1973 1467 2039 12,16.

510 2077 621 2134 Orator
633 2077 721 2152 igitur
738 2089 801 2136 erat
816 2079 969 2147 Turrinus,
989 2080 1106 2136 solebat
1122 2089 1223 2136 tamen
1241 2078 1374 2135 studiose
1390 2077 1569 2136 declamare.

404 2183 542 2256 Denique
568 2185 696 2242 Gavium
722 2185 853 2243 Silonem
872 2205 1086 2254 commemoro
1105 2205 1194 2260 quem
1212 2195 1361 2242 oratorem
1374 2185 1463 2242 fuisse
1480 2185 1571 2242 verba

404 2307 520 2366 454,1r
549 2291 756 2350 demonstrant
780 2293 1089 2370 ,pertremsontile'oc“‚
1105 2313 1162 2351 nec
1180 2312 1242 2350 non
1259 2293 1337 2350 bene
1354 2291 1572 2350 declamavisse

403 2415 510 2472 454‚9·

511 2668 657 2743 Sequitur,
684 2680 715 2726 ut
739 2669 977 2727 demonstremus
994 2679 1127 2726 oratores
1144 2667 1234 2726 etiam
1252 2669 1455 2726 declamantes
1469 2666 1571 2724 audire

402 2785 430 2831 et
470 2794 538 2854 cum
575 2775 619 2832 his
659 2786 748 2850 atque
784 2777 975 2834 audientibus
1010 2776 1162 2850 disputare
1202 2775 1306 2832 solitos
1346 2793 1417 2832 esse·
1477 2773 1571 2846 Quod

402 2901 584 2957 quamquam
609 2884 731 2942 scholae
755 2883 871 2942 disertis
895 2884 993 2941 verbis
1010 2903 1076 2940 raro
1094 2882 1205 2940 mentio
1223 2884 1264 2951 fit,
1294 2893 1403 2948 tamen,
1425 2881 1568 2956 quoniam

402 2990 440 3048 de
465 2990 575 3048 scholis
600 2992 746 3048 Senecam
771 2991 900 3048 scribere
924 2991 1062 3059 diximus,
1094 2990 1164 3047 item
1189 2990 1219 3046 in
1244 2990 1347 3047 schola
1372 2989 1481 3046 factum
1506 3007 1571 3045 esse

403 3098 585 3156 contendere
609 3117 668 3154 non
695 3099 876 3155 dubitamus.

509 3206 698 3280 Improbatur
722 3206 810 3280 igitur
845 3226 862 3262 a
890 3206 1019 3262 Votieno
1044 3206 1192 3262 Montano
1227 3205 1310 3262 color
1334 3203 1414 3261 Cesti
1440 3203 1568 3274 426,20,

401 3312 497 3369 Triari
524 3331 630 3386 427‚4,
666 3313 767 3388 Sparsi
792 3333 922 3387 491,14.
970 3313 1054 3370 ldem
1080 3311 1179 3369 aiebat
1202 3311 1379 3368 sententiam
1403 3310 1475 3366 Vibi
1501 3310 1568 3366 Ruti

402 3421 533 3477 colorem
571 3420 697 3477 actionis
733 3439 798 3478 esse
834 3439 931 3494 390‚4
971 3430 1060 3494 atque
1097 3418 1232 3476 Marcelli
1268 3417 1363 3475 Marci
1399 3415 1487 3474 amici
1525 3415 1568 3473 sui

403 3526 580 3584 sententiam
606 3528 693 3585 resert
711 3546 830 3600 429‚19
848 3525 890 3596 (et
914 3526 937 3583 si
963 3526 1083 3601 quidem
1109 3525 1162 3582 viri
1180 3525 1261 3583 docti
1280 3534 1358 3582 recte
1376 3523 1568 3582 coniecerunt

402 3654 532 3707 4oo‚20.
559 3634 700 3709 419=²¹l
750 3634 869 3691 Cassius
895 3636 1020 3691 Severus
1045 3633 1074 3689 in
1107 3633 1187 3691 Cesti
1220 3633 1352 3689 scholam
1389 3630 1506 3688 intravit
1542 3641 1571 3687 et

404 3743 483 3798 hunc
507 3741 656 3799 dicentem
681 3741 836 3816 interrupit
863 3743 989 3808 210‚16.
1039 3742 1123 3798 Idem
1148 3739 1270 3814 corripit
1294 3738 1442 3796 Triarium
1462 3755 1568 3813 502,1,

401 3849 502 3906 laudat
526 3849 649 3906 Varium
676 3849 836 3906 Geminum
864 3851 960 3924 564‚4
986 3859 1013 3905 et
1044 3868 1091 3922 13,
1129 3849 1224 3905 sacete
1246 3846 1319 3904 dicit
1352 3846 1390 3904 de
1426 3845 1569 3902 Passieno

405 3959 532 4025 208,16,
567 3957 605 4013 de
637 3957 740 4013 Silone
766 3957 910 4030 Pompeio
946 3975 1051 4030 209,4,
1087 3955 1126 4013 de
1159 3953 1268 4012 Clodio
1293 3954 1407 4011 Sabino
1439 3971 1568 4026 401,19.

402 4064 505 4121 Hateri
540 4063 741 4121 contradictio
777 4083 916 4138 magnam
950 4062 1106 4120 materiam
1140 4061 1235 4118 Asinii
1263 4059 1406 4118 Pollionis
1431 4069 1459 4117 et
1483 4059 1569 4117 Cassi

402 4171 502 4228 Severi
527 4171 600 4228 iocis
625 4171 769 4245 praebuit.
822 4190 915 4244 ²²93
988 4169 1156 4244 llisputavit
1191 4168 1311 4226 Cassius
1339 4169 1465 4225 Severus
1501 4185 1569 4223 cum

401 4279 529 4334 Moscho
546 4279 584 4336 de
608 4277 781 4335 Publilianis
806 4297 914 4351 302‚3,
941 4278 1068 4334 fortasse
1093 4286 1253 4350 postquam
1278 4273 1446 4331 Murredius
1471 4273 1571 4331 decla·

509 4577 528 4644 ¹)
547 4588 652 4640 401,17.
