3492 5508
677 431 873 492 ..5„.

188 622 219 670 ut
243 613 362 670 scholas
386 633 447 672 non
472 624 555 690 aptas
579 633 644 672 esse
669 613 791 682 diceret,
817 612 926 687 quibus
944 612 1009 670 soro
1033 611 1252 670 declamatores
1276 631 1357 687 prae·

188 729 368 795 pararentur.

277 829 326 884 vra
360 830 464 903 itnqne,
489 827 594 904 inquit,
629 829 659 884 in
685 828 756 902 foro
779 827 903 901 sntnrns
930 826 1103 902 perr'cnlosns
1132 834 1230 902 stupor
1261 827 1361 884 ditoni

271 942 369 1010 potest,
393 936 445 1010 qni
465 937 557 1003 crevit,
581 936 647 992 dnm
677 943 754 994 tntns
777 942 817 992 est
840 951 946 1008 371,7.
971 935 1001 990 in
1016 935 1096 1008 soro,
1121 943 1154 991 nt
1174 935 1249 992 niln'l
1268 934 1357 1003 alind,

278 1044 368 1116 ipsunt
389 1042 451 1099 illos
473 1043 575 1116 forum
600 1042 698 1098 turbat
713 1058 841 1116 371,13.
868 1043 898 1097 in
921 1041 1087 1098 scholasticis
1116 1042 1359 1098 declamationibus

279 1157 373 1207 contro
397 1151 504 1206 avenn.-
535 1151 629 1206 onrnin
653 1149 781 1205 molliora
805 1154 831 1205 et
851 1149 985 1205 solutiora
1008 1157 1089 1206 snnt:
1113 1150 1142 1204 in
1157 1149 1228 1223 foro
1244 1156 1358 1222 portem

277 1257 422 1330 accipiunt,
446 1257 476 1312 in
499 1255 591 1312 sciolo
615 1255 721 1328 eligunt
743 1271 838 1328 372‚9
864 1264 893 1311 et
916 1253 974 1312 alia
998 1255 1162 1312 eiusmodi:

297 1362 484 1434 Quibuscum
510 1362 582 1420 talia
606 1373 786 1436 congruunt:
823 1381 856 1418 nr
880 1363 952 1418 mole
975 1363 1144 1420 orlsnescnnr.
1171 1380 1286 1436 370,ss
1314 1374 1356 1420 et:

189 1490 244 1528 non
267 1477 421 1526 esitantem
445 1471 521 1526 ntilr's
544 1471 711 1538 exercitatio,
743 1471 800 1526 nisi
821 1489 894 1544 qnae
916 1471 995 1544 operi
1019 1471 1163 1526 simillimo
1187 1477 1228 1527 est
1250 1487 1356 1544 372,1.

188 1579 282 1635 Vides
313 1596 403 1651 quam
440 1577 518 1635 bene
543 1577 617 1634 haec
653 1595 719 1633 cum
755 1577 790 1634 iis
815 1577 1004 1646 cohaereant,
1041 1597 1118 1651 quae
1147 1577 1185 1634 de
1209 1579 1357 1635 Montano

189 1687 306 1743 Seneca
330 1685 425 1742 refert.
463 1685 600 1742 Profecto
636 1684 662 1741 ei
699 1684 935 1742 declamationes
971 1705 1031 1741 non
1069 1685 1245 1742 videbantur
1278 1684 1357 1742 utilis

189 1791 360 1850 exercitatio
379 1810 453 1860 esse,
479 1810 533 1866 per
549 1809 639 1865 quam
664 1791 702 1848 ad
732 1791 810 1849 vitae
834 1809 919 1848 usum
945 1803 1046 1848 orator
1070 1802 1303 1866 praepararetur,
1330 1803 1358 1848 et

189 1899 389 1956 declamando
426 1897 556 1956 exerceri
579 1898 712 1967 nolebat,
748 1917 785 1955 ne
810 1899 886 1956 male
910 1899 1108 1956 adsuesceret.
1157 1899 1231 1955 Cum
1258 1910 1358 1958 tamen

188 2007 373 2064 declamasse
409 2006 538 2064 eundem
574 2015 699 2073 constet,
735 2015 851 2080 praeter
888 2005 1117 2064 ostentationem
1143 2017 1171 2063 et
1195 2005 1357 2064 exercitati-

189 2133 277 2184 onem
303 2113 418 2171 tertiam
444 2113 587 2170 ratiouem
613 2113 712 2180 fuisse,
739 2132 808 2188 qua,
833 2123 864 2170 ut
881 2113 1073 2181 declamaret,
1099 2113 1207 2187 aliquis
1227 2132 1357 2170 commo-

188 2233 312 2292 veretur,
350 2221 484 2279 esficituu
533 2223 633 2294 Quam
670 2241 756 2297 spero
792 2241 848 2278 nos
886 2230 1093 2296 perspecturos
1118 2240 1192 2290 esse,
1229 2221 1252 2278 si
1278 2220 1358 2296 prius

189 2323 443 2386 declamationum
467 2329 547 2386 varia
571 2348 681 2404 genera
706 2328 944 2386 constituerimus
954 2322 985 2404 ¹).

294 2457 411 2511 Interea
435 2454 493 2511 hoc
510 2455 576 2522 viarn
612 2455 798 2529 proclamare
833 2453 903 2510 licet
939 2453 1146 2510 ostentationis
1170 2472 1271 2521 causa,
1308 2452 1358 2527 qui

189 2562 303 2636 populo
327 2561 470 2628 dicerent,
497 2561 733 2618 declamationes
757 2560 928 2618 instituisse.

753 2769 789 2824 4.

296 2920 367 2991 Quo
392 2919 553 2978 constituto
570 2932 671 2977 tamen
697 2904 863 2977 cavendum
883 2929 935 2988 est,
961 2939 999 2976 ne
1023 2919 1060 2976 ad
1086 2920 1253 2976 scholarum
1279 2939 1357 2976 exer·

188 3025 344 3083 citationes
368 3027 481 3101 populo
506 3026 619 3083 aditum
644 3026 774 3102 patuisse
799 3044 951 3101 negemus
1000 3026 1108 3082 Albuci
1134 3025 1254 3100 quidem
1280 3045 1358 3082 exer·

188 3133 344 3190 citationes
369 3143 498 3191 secretas
522 3133 611 3190 luisse
637 3135 753 3191 Seneca
777 3143 908 3202 testatur,
935 3133 988 3190 sed
1013 3133 1051 3190 de
1076 3133 1180 3190 iisdem
1206 3133 1297 3192 dicit:

276 3241 318 3296 orl
347 3247 463 3297 secretas
501 3243 707 3297 exercitationes
731 3261 785 3297 non
821 3241 905 3298 rnnlti
931 3243 1132 3315 inrumperent,
1167 3259 1235 3314 qnos
1266 3248 1358 3297 tamen

272 3350 387 3422 gratioe
409 3367 477 3404 snae
493 3349 655 3423 poenitebat
679 3350 782 3416 266,6.

295 3456 329 3510 In
355 3455 447 3512 Cestii
481 3456 612 3513 scholam
639 3455 759 3514 Cassius
780 3455 904 3513 Severus
928 3454 1056 3522 intravit,
1094 3473 1160 3510 cum
1186 3454 1358 3526 recitaturus

189 3571 266 3618 esset
282 3561 313 3617 in
330 3562 475 3619 Milonem
496 3564 621 3632 210,16.
671 3562 811 3620 Adsuisse
828 3571 925 3618 autem
947 3572 1063 3635 praeter
1080 3561 1211 3618 Cestium
1237 3559 1358 3633 eiusque

189 3668 352 3742 discipulos
371 3669 444 3726 alios
462 3687 583 3743 quoque
604 3668 753 3726 auditores
771 3687 808 3725 eo
826 3668 977 3743 probatur,
1004 3669 1086 3742 quod
1104 3667 1222 3726 Cassius
1239 3677 1357 3724 narrat:

183 3741 264 3832 >isus
299 3778 422 3833 ornninrn
447 3778 552 3849 ingeris,
587 3777 741 3833 scholastici
762 3777 867 3832 intnrri
889 3794 930 3832 nn
957 3791 1074 3852 211,53
1113 3786 1236 3849 apparet
1272 3773 1359 3848 igitur

189 3901 251 3940 non
278 3902 383 3940 omnes
408 3883 564 3941 audientes
588 3883 785 3941 scholasticos
810 3882 910 3942 luisse.

296 3990 394 4065 Pergit
418 4001 517 4047 autem
542 3989 663 4048 Cassius
688 3989 811 4047 dicens:

283 4097 388 4155 Cestius
403 4145 408 4156 .
425 4144 431 4155 .
448 4144 453 4156 .
468 4099 580 4171 negavit
594 4117 622 4154 se
637 4104 825 4166 enrcntnrnnr,
844 4098 902 4153 nisi
914 4099 1029 4152 exissent
1046 4096 1078 4152 de
1093 4097 1181 4154 tinnio.
1198 4116 1245 4169 ego
1261 4098 1363 4168 negavi

279 4224 321 4261 me
344 4205 377 4261 de
399 4206 496 4262 balneo
512 4205 623 4280 publico
645 4205 798 4272 exitnrnrn,
823 4205 881 4261 nisi
901 4205 971 4260 totns
994 4223 1076 4260 issem
1104 4205 1208 4272 211,6.

296 4330 383 4387 Adeo
407 4329 496 4405 igitur
520 4330 558 4387 ad
583 4329 664 4388 Cesti
700 4329 833 4386 scholam
870 4329 946 4387 liber
980 4327 1076 4386 aditus
1101 4337 1172 4396 erat,
1198 4338 1228 4384 ut
1253 4327 1359 4384 Cassio

190 4523 507 4532 -—-—-—-—-—-——

298 4627 318 4696 l)
337 4647 362 4694 p.
385 4630 424 4678 16.
