3492 5508
891 459 930 468 ..-
981 445 1109 484 22...-

416 621 593 680 clamatores
611 622 778 681 audiendos
796 623 955 682 familiares
972 623 1132 681 convocati
1150 641 1215 682 esse
1232 623 1386 682 videntur:
1405 640 1521 692 401,12
1536 639 1579 694 sq.

417 747 512 802 317‚4
538 749 582 803 sq.
615 731 717 788 Verba
757 731 822 806 ipsa
863 731 978 805 siquis
1013 730 1179 788 accuratius
1216 730 1362 806 inspiciet,
1406 730 1484 786 hanc
1518 747 1580 785 sen·

416 836 540 894 tentiam
565 838 760 896 fundamento
784 857 886 896 carere
909 838 1078 914 perspiciet.

714 1032 772 1097 [V.
818 1032 869 1098 na
894 1034 1015 1099 schola
1038 1035 1079 1098 ut
1102 1034 1172 1100 fori
1198 1033 1289 1100 lodo.

976 1174 1035 1230 17.

526 1285 656 1342 Difficile
681 1296 724 1343 est
760 1287 970 1346 condicionem
1007 1288 1260 1355 circumscribere,
1297 1307 1375 1362 quae
1403 1289 1478 1344 inter
1501 1305 1583 1344 veras

418 1391 552 1450 actiones
588 1405 616 1450 et
641 1395 762 1451 scholae
798 1395 1032 1454 declamationes
1069 1395 1240 1454 interfuerit.
1289 1397 1366 1454 Nam
1391 1395 1445 1454 etsi
1469 1403 1585 1452 constat

419 1499 637 1558 exercitationis
673 1521 763 1560 causa
799 1503 996 1561 declamatum
1022 1523 1096 1571 esse,
1133 1503 1203 1562 inde
1238 1522 1299 1560 non
1335 1502 1485 1578 colligitur
1507 1519 1584 1559 exer-

419 1605 574 1664 citationes
599 1608 664 1666 illas
689 1628 806 1685 semper
830 1629 865 1667 eo
895 1611 1022 1668 consilio
1047 1610 1194 1668 institutas
1220 1629 1294 1680 esse,
1331 1620 1362 1666 ut
1385 1609 1523 1686 discipuli
1547 1607 1585 1665 ad

419 1713 583 1771 certamina
607 1715 759 1774 iudicialia
782 1729 1036 1792 praepararerrter.
1086 1719 1155 1775 Hoc
1180 1717 1301 1792 quidem
1319 1717 1452 1774 indicare
1472 1716 1587 1774 videtur

423 1838 555 1894 209,17:

511 1930 561 1986 lene
583 1931 623 1986 itu
647 1940 754 2007 senapin
786 1931 913 1988 lrrrbilunr
946 1939 986 1988 esi
1018 1933 1139 1990 scholam
1177 1935 1263 2008 quasi
1284 1933 1380 1990 lardum
1404 1951 1468 2001 esse,
1484 1931 1586 2006 fortun

508 2056 645 2108 areiinnr‚·
667 2045 694 2094 et
714 2039 772 2096 iden
803 2039 847 2095 illc
863 2039 991 2113 prunum
1025 2041 1054 2096 in
1069 2040 1140 2113 forn
1167 2041 1252 2098 verbu
1267 2040 1402 2114 facturus
1425 2040 1479 2096 li'rn
1502 2039 1588 2095 dictus

508 2158 553 2201 est.

527 2252 633 2326 Neque
651 2253 757 2310 desunt
774 2253 841 2324 loci,
869 2253 919 2310 ubi
937 2253 1068 2312 rhetores
1086 2253 1114 2312 in
1133 2254 1244 2312 scholis
1268 2253 1414 2312 iudicialis
1438 2273 1507 2311 usus
1523 2253 1587 2310 rati-

421 2377 508 2415 onem
546 2359 685 2417 habuisse
720 2360 864 2418 rideatur.
914 2360 959 2418 Cf.
999 2381 1124 2433 144,14.
1171 2361 1261 2419 Pallen
1283 2362 1401 2420 Asinius
1427 2362 1521 2418 at'ebnl
1541 2362 1593 2417 lenc

420 2467 572 2524 Leru‘nnein
601 2467 692 2524 videri
725 2474 870 2542 lnrrrqnnnr
897 2468 1041 2542 senensem
1065 2469 1172 2543 fluere,
1212 2476 1244 2525 nt
1275 2471 1382 2544 ineptas
1419 2470 1591 2544 quaestiones

420 2575 627 2643 circumcideret,
651 2575 749 2632 sedin
773 2575 852 2632 nullu
876 2577 968 2648 ningis
990 2575 1068 2632 illuni
1092 2595 1123 2632 re
1145 2577 1333 2634 scholasticum
1356 2576 1528 2652 deprehendi.

529 2681 654 2739 Accedit
679 2682 760 2755 quod
786 2682 869 2751 locis,
907 2682 977 2740 licet
1005 2682 1172 2757 perpaucis,
1198 2694 1346 2742 oratorum
1373 2683 1402 2740 ia
1427 2683 1532 2740 schola
1555 2684 1591 2740 fit

421 2789 543 2847 mentio.
592 2789 674 2846 Sicut
697 2789 833 2846 Vinicius

509 2897 612 2954 solebat
645 2897 719 2953 lauru
750 2898 912 2953 sententiani
936 2896 1056 2954 Seniani
1086 2897 1209 2954 deridere
1233 2905 1261 2954 et
1280 2898 1396 2956 sinu'lein
1419 2897 1464 2954 illi
1484 2897 1592 2972 referre

510 3005 539 3060 in
563 3005 687 3061 neritinae
709 3004 809 3060 dictam
833 3005 970 3060 Montani
1000 3005 1104 3061 Votieni
1125 3005 1254 3079 3r6‚12.

510 3111 611 3168 solebat
627 3111 752 3167 Scaurus
768 3111 939 3168 martenam
956 3113 1023 3168 inter
1043 3119 1167 3169 orerlnrer
1189 3111 1322 3169 Ouidium
1338 3129 1435 3170 elocare
1459 3113 1590 3182 421‚16.

512 3219 611 3274 Liuius
639 3219 671 3275 de
693 3219 861 3286 orertniibus,
896 3220 949 3292 qui
970 3219 1053 3275 uerba
1079 3220 1198 3293 antiqua
1222 3227 1249 3276 et
1268 3219 1382 3276 sordida
1406 3226 1597 3276 consectantur

511 3333 537 3382 et
558 3327 693 3383 ornunnir
716 3326 906 3382 obscenitatem
923 3327 1093 3382 seueritatem
1110 3333 1225 3400 putant,
1250 3327 1344 3384 aiebat
1356 3327 1506 3384 Miltiaden
1529 3326 1592 3382 rire-

510 3440 594 3490 tmen
619 3433 756 3504 eleganter
778 3432 889 3490 desisse.
938 3450 1067 3508 393,15.

529 3540 634 3613 Neque
659 3540 817 3596 tacendum
844 3551 887 3596 est
911 3541 1056 3597 Senecam
1093 3551 1121 3597 et
1146 3539 1322 3598 Ciceronem
1359 3540 1487 3598 maxime
1511 3559 1593 3596 ama-

422 3648 498 3705 visse
534 3659 562 3704 et
587 3647 697 3703 iudicia
731 3646 964 3720 frequentavisse
997 3666 1094 3721 neque
1119 3647 1159 3704 ita
1183 3667 1249 3705 raro
1281 3648 1318 3706 de
1343 3647 1398 3704 sori
1423 3646 1594 3704 actionibus

423 3756 452 3812 in
485 3754 567 3811 lilrris
591 3754 651 3810 suis
681 3773 809 3811 narrare.
859 3755 882 3810 E
908 3755 1041 3811 Senecae
1077 3766 1173 3812 autem
1200 3754 1303 3812 amicis
1329 3755 1428 3812 Gallio
1453 3753 1593 3812 Cassium

423 3864 563 3919 Severum
601 3861 628 3918 in
655 3863 719 3918 loro
744 3861 892 3919 audivisse
917 3861 1032 3918 videtur
1059 3879 1116 3936 205
1135 3882 1163 3933 4.
1211 3865 1283 3919 Item
1309 3862 1383 3920 alios
1419 3863 1513 3919 forum
1538 3861 1593 3918 sre-

423 3968 610 4044 quentavisse
647 3979 880 4026 consentaneum
917 3981 969 4026 est.
1018 3970 1156 4043 Namque
1190 3969 1272 4044 quod
1297 3969 1325 4025 in
1351 3970 1484 4027 Senecae
1507 3967 1594 4026 libris

423 4077 495 4134 nihil
521 4077 581 4135 fere
605 4077 642 4134 de
667 4077 725 4134 lroc
762 4096 842 4134 more
866 4076 1005 4133 traditum
1037 4088 1090 4143 est,
1127 4076 1277 4152 scriptoris
1302 4076 1428 4134 consilio
1453 4078 1593 4134 effectum

423 4195 475 4254 est,
501 4184 551 4259 qui
576 4185 614 4242 de
638 4183 747 4240 scholis
772 4183 901 4241 scribere
925 4184 1027 4241 voluit.

531 4293 643 4349 Contra
668 4292 724 4347 lure
749 4309 809 4348 non
835 4291 981 4348 referendi
1007 4311 1071 4350 esse
1096 4291 1233 4349 videntur
1256 4292 1328 4348 tales
1352 4290 1429 4348 loci:

511 4400 622 4455 etiamsi
643 4418 697 4455 erun
721 4400 840 4473 efficere,
866 4406 898 4454 ed
920 4399 1035 4455 credent
1055 4399 1155 4456 iudices
1180 4400 1477 4473 37,21—lrecerert
1498 4399 1596 4472 letique

506 4514 681 4582 praecepium
698 4507 755 4562 eius
771 4507 909 4580 pretendunt
927 4506 1136 4564 declamatorem
1153 4514 1298 4580 tnrnqnnni
1316 4513 1477 4581 praetorem
1493 4505 1597 4580 facere

512 4615 604 4671 (lubere
628 4613 792 4670 ieei'nuendne
815 4614 871 4670 le'n's
894 4631 979 4671 caiisa
999 4616 1105 4688 334,8.
1127 4614 1221 4671 aiebat
1234 4615 1306 4670 enini
1323 4633 1378 4670 eron
1388 4621 1470 4688 posse
1484 4617 1599 4672 inuniri
