3492 5508
673 470 895 530 ..3,-

193 659 316 725 postero
347 649 406 721 die,
436 669 527 725 quam
556 659 619 708 erat
648 649 828 708 aFabiano
859 649 941 708 dicta
975 669 1106 719 121,11.
1158 652 1189 709 P.
1215 648 1366 707 Vinicium

193 757 311 815 videtur
345 757 494 815 audivisse
530 757 763 832 praecipientem
799 757 985 816 auditoribus
1014 758 1074 815 suis
1105 777 1241 832 492,12.
1289 757 1366 814 Cum

193 866 343 922 Montano
357 865 489 923 Votieno
506 864 687 939 colloquitur
704 881 841 939 370,1o.
882 864 1019 922 Eundem
1037 864 1171 922 meminit
1187 865 1217 921 in
1235 864 1364 939 quadam

193 972 417 1030 declamatione
450 972 509 1029 hoc
532 971 648 1040 iecisse,
674 982 706 1028 ut
729 972 892 1030 sententias
916 989 984 1029 suas
1007 972 1172 1046 repetendo
1197 989 1365 1046 corrumpe-

192 1089 238 1136 ret
262 1098 375 1150 421,4.
435 1079 562 1136 Videtur
597 1089 694 1137 autem
731 1079 810 1136 hunc
843 1079 931 1137 etiam
969 1080 1049 1154 apud
1083 1079 1282 1136 centumviros
1310 1098 1365 1153 pro

194 1187 284 1244 Galla
308 1185 443 1244 Numisia
467 1185 615 1244 dicentem
642 1185 791 1244 audivisse
816 1205 953 1258 42ο,12.
990 1187 1097 1261 Neque
1121 1186 1199 1244 enim
1218 1187 1364 1244 Senecam

193 1293 237 1350 ita
253 1293 443 1367 eloquentiae
467 1293 626 1354 studuisse.
651 1305 682 1350 ut
705 1294 801 1350 forum
819 1293 1001 1369 praeteriret,
1027 1293 1098 1352 inde
1123 1303 1256 1368 apparet,
1282 1293 1365 1368 quod

191 1399 327 1458 actiones
360 1400 493 1458 forenses
528 1413 712 1475 cognoverat
748 1411 776 1458 et
805 1400 900 1458 Asinii
925 1400 1068 1458 Pollionis
1096 1416 1167 1475 225,
1185 1416 1219 1475 15
1258 1411 1286 1458 et
1310 1401 1364 1458 La·

192 1507 274 1564 bieni
301 1509 424 1581 448,13
450 1517 540 1582 atque
566 1507 684 1565 Aemilii
708 1506 810 1565 Scauri
836 1524 895 1580 447
922 1524 949 1580 7.

302 1633 366 1690 Hos
386 1631 473 1707 igitur
490 1633 707 1691 declamatores
724 1643 752 1690 et
769 1644 902 1690 oratores
927 1632 999 1707 quin
1018 1633 1133 1690 Seneca
1157 1632 1291 1689 dicentes
1316 1649 1364 1688 au-

191 1739 310 1808 diverit,
351 1739 399 1796 vix
435 1739 634 1798 dubitandum
671 1751 723 1798 est.
771 1741 871 1798 Valde
906 1759 976 1798 vero
1007 1758 1180 1808 erraremus,
1206 1739 1230 1795 si
1255 1749 1362 1804 cetera,

191 1867 271 1922 quae
295 1857 404 1915 narrat,
430 1865 497 1904 eum
522 1845 683 1922 accepisse,
708 1866 769 1905 non
802 1846 951 1905 audivisse
976 1857 1154 1922 putaremus.
1203 1847 1363 1903 Latronem

191 1973 276 2013 suum
315 1954 455 2013 videlicet
489 1955 593 2029 procul
628 1954 722 2012 dubio
752 1955 844 2012 multo
868 1954 985 2030 saepius
1010 1954 1227 2012 declamantem
1251 1952 1364 2010 audivit

191 2080 283 2137 quam
300 2080 390 2137 supra
407 2061 612 2119 demonstrare
625 2061 713 2120 nobis
726 2061 845 2119 licebat.
894 2064 993 2136 Atque
1010 2078 1076 2118 cum
1094 2079 1199 2118 omnes
1216 2059 1316 2134 magni
1333 2059 1362 2116 in

191 2167 366 2242 eloquentia
397 2167 527 2226 nominis
558 2178 685 2244 excepto
709 2169 856 2226 Cicerone
888 2168 1036 2226 audivisse
1061 2168 1124 2242 ipse
1148 2166 1205 2224 sibi
1229 2166 1364 2224 videatur

193 2277 222 2346 ό,
240 2295 286 2342 12,
317 2275 375 2332 boc
398 2293 478 2342 ver0,
519 2293 585 2332 cum
619 2275 711 2334 libros
743 2293 812 2333 suos
844 2276 1055 2344 conscriberet,
1081 2274 1138 2332 sibi
1162 2273 1362 2349 proposuerit,

190 2393 223 2439 ut
246 2382 313 2440 filiis
338 2382 398 2440 suis
424 2381 627 2456 querentibus
653 2383 736 2457 quod
760 2393 860 2440 tantae
884 2382 1035 2458 opinionis
1067 2382 1145 2439 viros
1175 2380 1278 2439 audire
1301 2387 1363 2437 n'on

191 2499 359 2565 potuerant,
400 2501 567 2565 temporum
607 2489 751 2547 invidiam
783 2489 952 2547 detraheret
996 2509 1083 2562 1,10,
1124 2488 1256 2562 denique
1294 2505 1362 2544 cum

191 2597 334 2671 pleraque
374 2597 454 2654 dicta
493 2596 628 2654 oratione
660 2596 773 2654 directa
803 2615 873 2654 usus
897 2597 1013 2668 reserat,
1039 2606 1273 2654 consentaneum
1298 2613 1363 2652 esse

191 2703 328 2762 existimo
353 2705 443 2780 longe
468 2703 604 2778 plurima,
630 2721 708 2779 quae
732 2703 894 2761 memoriae
918 2703 1054 2771 servavit,
1095 2705 1240 2761 Senecam
1265 2700 1362 2776 ipsum

190 2810 349 2878 audivisse,
387 2829 483 2886 pauca
509 2811 547 2866 ab
583 2810 648 2868 aliis
682 2811 844 2886 accepisse.
903 2813 984 2867 Inter
1018 2827 1095 2884 quae
1120 2807 1262 2883 quoniam
1298 2807 1363 2883 ipse

191 2927 294 2993 aperte
330 2917 499 2976 discernere
534 2918 639 2985 noluit,
677 2916 858 2991 quicumque
890 2917 928 2975 de
952 2915 1222 2975 declamationibus
1247 2915 1363 2973 Seneca

190 3024 330 3083 audiente
355 3025 464 3083 habitis
484 3024 629 3083 disserere
652 3025 722 3092 vult,
748 3024 912 3083 divinando
937 3023 979 3081 illi
1005 3024 1099 3098 magis
1124 3041 1215 3098 quam
1240 3023 1362 3080 demon-

190 3131 314 3189 strando
339 3151 414 3207 opus
438 3143 491 3190 est.

299 3239 392 3312 Quod
409 3257 447 3296 ne
464 3239 530 3313 plus
546 3257 644 3312 aequo
661 3237 816 3304 faciamus,
843 3237 957 3312 aliquot
983 3237 1067 3294 locos
1084 3236 1236 3312 colligam,
1254 3235 1363 3310 quibus

190 3346 378 3422 potissimum
414 3347 462 3403 vel
496 3356 636 3403 accurata
661 3345 822 3420 descriptio
855 3345 902 3402 vel
937 3344 1037 3402 vivida
1073 3343 1203 3401 narratio
1239 3361 1362 3418 arguere

190 3453 307 3511 videtur
324 3462 512 3528 praesentem
530 3453 679 3510 audivisse
696 3453 840 3510 Senecam
858 3471 902 3521 ea,
922 3469 1000 3526 quae
1017 3462 1241 3509 commemorat.
1289 3451 1363 3508 Sunt

191 3571 301 3629 autem,
330 3559 379 3635 qui
404 3561 462 3617 hoc
486 3560 579 3618 modo
604 3579 621 3617 a
646 3560 762 3618 Seneca
786 3559 953 3628 laudantur,
979 3558 1008 3616 bi
1032 3558 1110 3616 fere:

300 3685 445 3743 Aemilius
465 3686 592 3743 Scaurus
618 3687 703 3756 42,8,
728 3683 894 3742 Aeschines
914 3685 1020 3752 88,11.
1068 3683 1207 3758 Agroitas
1236 3685 1361 3756 183,14.

192 3791 338 3850 Albucius
359 3808 442 3867 54,5.
466 3809 570 3867 123,5.
594 3794 719 3867 155,16.
743 3809 835 3866 172,9
853 3790 981 3848 Arellius
999 3791 1111 3848 Fuscus
1129 3793 1235 3861 68‚14.
1256 3792 1361 3862 78,22.

196 3917 309 3973 117,2.
338 3903 447 3974 321,8.
476 3919 611 3974 342,21.
640 3915 750 3974 501,4.
776 3897 969 3974 Argentarius
999 3916 1109 3968 12ο,4.
1141 3899 1270 3964 182,16.
1312 3899 1362 3953 Α1-

190 4019 272 4066 temo
292 4011 426 4080 287,14.
475 4007 596 4064 Asinius
613 4007 710 4064 Pollio
732 4026 864 4078 144,14.
884 4025 1022 4080 393,14.
1071 4003 1240 4062 Bruttedius
1258 4005 1362 4061 Brutus

191 4118 330 4190 378,19.
379 4115 473 4172 Buteo
509 4116 620 4184 26,16.
670 4113 779 4188 Capito
813 4129 927 4187 ²9²›7·
962 4113 1096 4187 385‚16.
1145 4110 1260 4169 Cestius
1294 4110 1362 4167 Pius

192 4224 304 4297 62,15.
334 4224 442 4294 288,4.
470 4240 605 4296 344,13.
625 4222 762 4293 426,10.
782 4237 917 4294 427,1a.
938 4236 1073 4295 540,15.
1095 4219 1204 4294 563,8.
1238 4217 1362 4276 Clodius

191 4328 335 4388 Turrinus
361 4347 475 4403 471,9.
501 4332 635 4400 488,1o.
684 4327 841 4387 Cornelius
873 4327 1026 4403 Hispanus
1064 4329 1191 4400 285,23.
1240 4324 1362 4382 Diocles

190 4436 343 4510 Carystius
363 4439 435 4510 287,
449 4438 476 4494 6.
495 4436 607 4493 Fabius
624 4435 773 4493 Maximus
803 4437 873 4509 158,
891 4454 938 4492 11.
972 4433 1091 4491 Fulvius
1109 4434 1234 4507 Sparsus
1253 4435 1361 4503 484,4.

192 4545 324 4619 496,10.
374 4542 543 4619 Gargonius
582 4545 694 4618 583,4.
743 4541 854 4600 Gavius
892 4541 1021 4599 Sabinus
1058 4557 1193 4615 327,19.
1243 4539 1364 4634 Glycoq

193 4668 328 4728 530,19.
377 4650 518 4709 Haterius
551 4651 661 4724 69,13.
694 4665 829 4725 540,13.
879 4650 1081 4722 Hermagoras
1118 4651 1221 4720 184,7.
1267 4645 1362 4722 Julius
