3492 5508
669 451 887 507 ..43-.

280 629 453 702 (Metallos)
477 629 551 686 liam
564 627 664 685 adiecit
684 630 855 698 sententiam,
880 648 967 703 qaam
997 629 1102 686 solebat
1131 630 1237 686 mirari
1258 629 1360 696 Latro,

278 740 372 806 immo,
397 744 430 794 at
450 738 507 811 ipse
529 737 631 806 aicbat,
655 737 815 793 exosculari
837 752 954 811 39,15,

297 846 457 902 Latronem
482 843 520 901 de
544 844 600 902 hac
624 842 771 900 sententia
787 861 878 918 saepe
895 843 1027 901 locutum
1056 862 1121 902 esse
1138 844 1243 902 elucet.
1277 845 1360 902 Idem

192 953 249 1010 hoc
274 953 342 1010 loco
367 952 528 1010 docemur:

280 1059 402 1130 (Varias
421 1058 568 1128 Gentinos)
582 1059 681 1117 adiecit
701 1057 781 1116 illam
794 1059 965 1127 seutentiam,
990 1077 1077 1133 quam
1105 1059 1221 1117 Cassius
1243 1059 1362 1116 Seuerus

279 1168 356 1224 auia
380 1167 542 1224 asieobatar
566 1167 671 1240 564,4.

298 1273 418 1347 Quibus
442 1273 609 1332 constitutis
634 1273 716 1348 quod
748 1271 858 1330 Fabius
884 1271 1032 1330 Maximus
1058 1273 1203 1348 Hisponis
1227 1275 1361 1332 nobilem

192 1381 369 1439 sententiam
395 1380 609 1438 circumtulisse
634 1379 751 1448 dicitur,
775 1399 837 1436 non
862 1378 921 1436 iam
946 1379 1053 1437 dubito
1089 1380 1129 1437 ita
1164 1381 1359 1458 interpretari,

193 1500 222 1546 ut
235 1489 334 1548 dicam
347 1488 473 1546 Fabium
487 1489 566 1546 hanc
579 1486 758 1546 sententiam
775 1486 863 1545 valde
875 1486 1053 1544 admiratum
1063 1507 1129 1546 esse
1138 1498 1175 1555 et,
1191 1489 1361 1564 ubicunque

191 1596 312 1654 occasio
337 1596 474 1665 dabatur,
511 1595 667 1654 rettulisse.
714 1596 776 1652 lam
813 1613 884 1652 vero
920 1595 1067 1669 quasdam
1103 1597 1265 1654 sententias
1299 1617 1360 1655 non

192 1705 288 1762 solum
313 1704 352 1761 ab
378 1702 568 1762 audientibus
593 1703 710 1770 relatas
736 1701 789 1759 sed
827 1702 865 1760 ab
901 1702 994 1760 altero
1027 1702 1112 1760 alteri
1149 1703 1272 1762 traditas
1297 1724 1362 1762 esse

192 1811 262 1869 inde
287 1811 395 1887 opinor
419 1829 574 1886 apparere,
606 1809 689 1884 quod
714 1808 765 1866 illa
790 1809 870 1866 Flori
894 1809 1043 1867 sententia
1066 1821 1095 1868 et
1118 1820 1179 1868 tam
1204 1811 1255 1868 diu
1292 1831 1361 1868 con·

192 1919 366 1976 servabatur
389 1928 418 1976 et
441 1917 565 1976 Latroni
590 1918 666 1976 falso
690 1916 902 1976 subiciebatur.
950 1916 985 1974 Id
1009 1916 1034 1974 si
1065 1928 1145 1976 recte
1170 1918 1241 1986 dixi,
1279 1921 1361 1992 quod

192 2027 306 2083 Seneca
330 2025 395 2082 illas
412 2024 564 2093 Dorionis
583 2024 698 2083 Dioclis
723 2023 858 2098 Carystii,
885 2023 1030 2098 Glyconis
1054 2024 1217 2084 sententias
1240 2037 1361 2084 auctore

192 2152 251 2190 non
288 2133 411 2194 laudato
447 2133 534 2190 refert
560 2136 697 2207 504,18.
725 2148 861 2208 527,13.
890 2135 1024 2206 538,14.
1053 2148 1184 2207 540,10,
1211 2151 1271 2190 non
1304 2133 1360 2192 iam

192 2239 297 2298 mirum
323 2250 375 2298 est.

300 2348 388 2406 Valet
412 2358 511 2406 autern
535 2347 611 2404 haec
627 2345 786 2421 explicatio
804 2346 1013 2404 tantummodo
1032 2346 1070 2404 de
1088 2347 1211 2422 singulis
1229 2347 1361 2422 partibus

192 2453 444 2513 declamationum
462 2454 547 2528 quasi
565 2453 707 2528 exceptis.
738 2455 833 2512 Totas
850 2452 928 2510 enim
947 2453 1183 2512 declamationes
1201 2454 1251 2511 tali
1270 2455 1361 2512 niodo

192 2571 308 2620 servata
321 2581 401 2620 sesse
414 2580 512 2636 neque
525 2571 760 2620 consentaneum
776 2570 820 2618 est
833 2579 931 2634 neque
949 2562 1081 2620 Senecae
1098 2561 1196 2618 verbis
1209 2563 1360 2636 probatur,

193 2668 243 2744 qui
268 2689 328 2728 non
354 2669 428 2728 dicit
451 2670 559 2736 nullos
598 2668 650 2726 sed
687 2669 747 2726 sere
783 2667 881 2726 nullos
906 2665 1139 2727 commentarios
1174 2680 1273 2728 extare
1312 2679 1362 2726 aut

193 2777 284 2834 salsos
318 2788 346 2834 et
378 2777 463 2834 unius
501 2775 730 2835 declamationis
756 2775 863 2844 editae,
901 2794 942 2832 sc.
980 2775 1137 2851 Capitonis
1173 2776 1237 2850 ipse
1273 2777 1361 2833 nobis

191 2884 360 2962 exemplum
385 2883 516 2942 tradidit.

742 3019 806 3078 80.

295 3136 394 3210 Atque
425 3135 506 3210 quod
541 3133 629 3192 nobis
653 3133 789 3192 mirabile
810 3133 926 3191 videtur
953 3143 996 3190 tot
1024 3133 1185 3191 sententias
1214 3133 1362 3192 mentibus

191 3241 255 3298 sine
279 3241 421 3300 librorum
451 3241 635 3300 adminiculo
657 3241 815 3316 impressas
833 3241 975 3309 haesisse,
994 3241 1157 3315 explicatur
1173 3241 1297 3298 sortasse
1314 3261 1360 3308 eu,

192 3349 274 3423 quod
299 3349 453 3407 sententiis
477 3349 642 3406 formandis
667 3349 772 3406 horum
796 3359 963 3424 temporum
989 3344 1126 3406 homines
1153 3348 1240 3406 unice
1257 3349 1362 3406 intenti

191 3456 280 3514 fuere.
328 3456 375 3514 Cf.
401 3455 484 3530 quod
508 3455 655 3516 Votienus
679 3456 768 3514 dicit:

280 3565 332 3638 qui
352 3563 577 3620 declamationem
600 3571 703 3638 paral,
739 3565 842 3632 scribit,
867 3583 922 3620 aasz
945 3570 978 3620 at
999 3565 1100 3632 critical,
1125 3564 1175 3619 sed
1194 3570 1226 3618 at
1240 3563 1361 3638 placeat,

280 3671 375 3728 omnia
392 3671 486 3745 itaque
519 3671 653 3728 lenocinia
679 3672 830 3745 coaequali,
853 3672 1119 3743 argasuealatioaes,
1143 3671 1211 3744 qicia
1236 3671 1363 3726 eicolestoe

280 3787 347 3835 sant
365 3785 392 3835 et
405 3779 551 3835 otinimum
568 3779 774 3854 liabentfiom's,
791 3779 925 3852 relinquit
933 3800 942 3848 ,·
964 3779 1112 3845 sententiis
1136 3778 1363 3852 explicationibus

281 3887 420 3943 audientes
443 3886 498 3942 deli
519 3887 580 3942 nice
603 3892 740 3943 contentas
763 3893 803 3942 cst
826 3903 963 3960 370,12.

299 3992 494 4068 Praecipuam
527 4011 596 4050 vero
621 4011 740 4050 causam
765 3992 854 4052 luisse
879 3993 1025 4062 existimo,
1052 3992 1132 4067 quod
1151 3994 1274 4050 eaedem
1292 4011 1361 4049 con·

192 4101 350 4160 troversiae
385 4112 413 4158 et
448 4099 600 4158 suasoriae
635 4119 696 4157 non
733 4101 834 4169 semel,
873 4101 926 4158 sed
963 4099 1081 4175 saepius
1105 4099 1359 4156 declamabantur.

193 4207 322 4264 Easdem
348 4219 445 4265 autem
470 4207 687 4265 controversias
715 4219 744 4265 et
768 4209 806 4265 ab
832 4207 961 4282 antiquis
995 4218 1023 4265 et
1048 4208 1086 4264 ab
1112 4207 1280 4263 recentibus
1312 4207 1361 4264 de-

192 4315 403 4372 clamatoribus
427 4314 522 4372 dictas
546 4333 611 4372 esse
641 4333 737 4390 nuper
770 4315 989 4374 contendimus.
1048 4315 1130 4372 Idem
1158 4313 1202 4370 his
1228 4315 1361 4372 Senecae

192 4421 289 4479 verbis
314 4422 471 4496 probatur:

282 4530 349 4586 aooi
369 4529 564 4586 declamatores
583 4537 647 4604 post
668 4530 815 4586 Moschum
840 4575 846 4588 .
874 4576 879 4588 .
909 4578 914 4588 .
942 4575 947 4586 .
973 4538 1000 4586 et
1020 4531 1094 4586 lactc
1115 4529 1301 4604 qaaestionem
1332 4530 1361 4586 ia

283 4638 544 4694 haccontrouersia
558 4637 690 4712 fecerunt
717 4638 819 4711 169‚4.
