<?xml version="1.0" encoding="UTF-8"?>
<!DOCTYPE html PUBLIC "-//W3C//DTD XHTML 1.0 Transitional//EN"
    "http://www.w3.org/TR/xhtml1/DTD/xhtml1-transitional.dtd">
<html xmlns="http://www.w3.org/1999/xhtml" xml:lang="en" lang="en">
 <head>
  <title>
</title>
<meta http-equiv="Content-Type" content="text/html;charset=utf-8" />
  <meta name='ocr-system' content='tesseract 3.04.00' />
  <meta name='ocr-capabilities' content='ocr_page ocr_carea ocr_par ocr_line ocrx_word'/>
</head>
<body>
  <div class='ocr_page' id='page_1' title='image "./quaestionesanna00hessgoog_0010.png"; bbox 0 0 3492 5508; ppageno 0'>
   <div class='ocr_carea' id='block_1_1' title="bbox 346 1515 1193 1599">
    <p class='ocr_par' dir='ltr' id='par_1_1' title="bbox 346 1515 1193 1599">
     <span class='ocr_line' id='line_1_1' title="bbox 346 1515 1193 1599; baseline -0.002 -16"><span class='ocrx_word' id='word_1_1' title='bbox 346 1519 376 1583; x_wconf 92' lang='grc' dir='ltr'>Ι.</span> <span class='ocrx_word' id='word_1_2' title='bbox 423 1517 474 1583; x_wconf 84' lang='lat' dir='ltr'>Do</span> <span class='ocrx_word' id='word_1_3' title='bbox 497 1517 752 1583; x_wconf 76' lang='lat' dir='ltr'>consuetudine</span> <span class='ocrx_word' id='word_1_4' title='bbox 776 1515 988 1582; x_wconf 81' lang='lat' dir='ltr'>admittendi</span> <span class='ocrx_word' id='word_1_5' title='bbox 1012 1517 1193 1599; x_wconf 72' lang='lat' dir='ltr'>populum·</span> 
     </span>
    </p>
   </div>
   <div class='ocr_carea' id='block_1_2' title="bbox 753 1676 786 1729">
    <p class='ocr_par' dir='ltr' id='par_1_2' title="bbox 753 1676 786 1729">
     <span class='ocr_line' id='line_1_2' title="bbox 753 1676 786 1729; baseline 0 0"><span class='ocrx_word' id='word_1_6' title='bbox 753 1676 786 1729; x_wconf 87' lang='lat'>1.</span> 
     </span>
    </p>
   </div>
   <div class='ocr_carea' id='block_1_3' title="bbox 181 1787 1362 4417">
    <p class='ocr_par' dir='ltr' id='par_1_3' title="bbox 181 1787 1353 2169">
     <span class='ocr_line' id='line_1_3' title="bbox 288 1787 1353 1862; baseline -0.002 -16"><span class='ocrx_word' id='word_1_7' title='bbox 288 1791 367 1846; x_wconf 85' lang='lat' dir='ltr'>Inter</span> <span class='ocrx_word' id='word_1_8' title='bbox 391 1789 618 1858; x_wconf 75' lang='lat' dir='ltr'>declamatores¹</span> <span class='ocrx_word' id='word_1_9' title='bbox 645 1789 683 1846; x_wconf 90' lang='lat' dir='ltr'>de</span> <span class='ocrx_word' id='word_1_10' title='bbox 708 1787 814 1862; x_wconf 87' lang='lat' dir='ltr'>quibus</span> <span class='ocrx_word' id='word_1_11' title='bbox 839 1787 869 1844; x_wconf 92' lang='lat' dir='ltr'>in</span> <span class='ocrx_word' id='word_1_12' title='bbox 895 1789 1028 1846; x_wconf 78' lang='lat' dir='ltr'>Senecae</span> <span class='ocrx_word' id='word_1_13' title='bbox 1052 1788 1135 1844; x_wconf 86' lang='lat' dir='ltr'>libris</span> <span class='ocrx_word' id='word_1_14' title='bbox 1161 1788 1265 1862; x_wconf 85' lang='lat' dir='ltr'>agitur,</span> <span class='ocrx_word' id='word_1_15' title='bbox 1291 1789 1353 1862; x_wconf 90' lang='lat' dir='ltr'>qui·</span> 
     </span>
     <span class='ocr_line' id='line_1_4' title="bbox 181 1894 1352 1970; baseline -0.003 -15"><span class='ocrx_word' id='word_1_16' title='bbox 181 1897 251 1955; x_wconf 86' lang='lat' dir='ltr'>darn</span> <span class='ocrx_word' id='word_1_17' title='bbox 276 1896 407 1970; x_wconf 85' lang='lat' dir='ltr'>insignes</span> <span class='ocrx_word' id='word_1_18' title='bbox 432 1907 499 1952; x_wconf 88' lang='lat' dir='ltr'>sunt</span> <span class='ocrx_word' id='word_1_19' title='bbox 535 1914 618 1952; x_wconf 88' lang='lat' dir='ltr'>more</span> <span class='ocrx_word' id='word_1_20' title='bbox 653 1894 845 1952; x_wconf 86' lang='lat' dir='ltr'>declamandi</span> <span class='ocrx_word' id='word_1_21' title='bbox 870 1894 1002 1952; x_wconf 88' lang='lat' dir='ltr'>admisso</span> <span class='ocrx_word' id='word_1_22' title='bbox 1027 1896 1149 1970; x_wconf 80' lang='lat' dir='ltr'>populo,</span> <span class='ocrx_word' id='word_1_23' title='bbox 1201 1895 1261 1967; x_wconf 85' lang='lat' dir='ltr'>Qui</span> <span class='ocrx_word' id='word_1_24' title='bbox 1287 1913 1352 1952; x_wconf 87' lang='lat' dir='ltr'>mos</span> 
     </span>
     <span class='ocr_line' id='line_1_5' title="bbox 182 2001 1353 2080; baseline -0.001 -20"><span class='ocrx_word' id='word_1_25' title='bbox 182 2004 290 2080; x_wconf 93' lang='lat' dir='ltr'>quibus</span> <span class='ocrx_word' id='word_1_26' title='bbox 315 2004 375 2060; x_wconf 89' lang='lat' dir='ltr'>sere</span> <span class='ocrx_word' id='word_1_27' title='bbox 399 2002 583 2077; x_wconf 81' lang='lat' dir='ltr'>temporibus</span> <span class='ocrx_word' id='word_1_28' title='bbox 609 2012 727 2060; x_wconf 87' lang='lat' dir='ltr'>exortus</span> <span class='ocrx_word' id='word_1_29' title='bbox 745 2001 790 2070; x_wconf 86' lang='lat' dir='ltr'>sit,</span> <span class='ocrx_word' id='word_1_30' title='bbox 824 2001 983 2076; x_wconf 77' lang='lat' dir='ltr'>significari</span> <span class='ocrx_word' id='word_1_31' title='bbox 1000 2001 1126 2070; x_wconf 83' lang='lat' dir='ltr'>videtur,</span> <span class='ocrx_word' id='word_1_32' title='bbox 1152 2021 1218 2058; x_wconf 90' lang='lat' dir='ltr'>cum</span> <span class='ocrx_word' id='word_1_33' title='bbox 1237 2003 1353 2060; x_wconf 81' lang='lat' dir='ltr'>Seneca</span> 
     </span>
     <span class='ocr_line' id='line_1_6' title="bbox 182 2109 494 2169; baseline -0.013 0"><span class='ocrx_word' id='word_1_34' title='bbox 182 2111 221 2169; x_wconf 90' lang='lat' dir='ltr'>de</span> <span class='ocrx_word' id='word_1_35' title='bbox 244 2110 381 2168; x_wconf 87' lang='lat' dir='ltr'>Labieno</span> <span class='ocrx_word' id='word_1_36' title='bbox 405 2109 494 2167; x_wconf 91' lang='lat' dir='ltr'>dicit:</span> 
     </span>
    </p>

    <p class='ocr_par' dir='ltr' id='par_1_4' title="bbox 270 2216 1353 2291">
     <span class='ocr_line' id='line_1_7' title="bbox 270 2216 1353 2291; baseline -0.001 -17"><span class='ocrx_word' id='word_1_37' title='bbox 270 2219 437 2274; x_wconf 83' lang='lat' dir='ltr'>declamauit</span> <span class='ocrx_word' id='word_1_38' title='bbox 468 2235 523 2273; x_wconf 81' lang='lat' dir='ltr'>nem</span> <span class='ocrx_word' id='word_1_39' title='bbox 558 2217 668 2290; x_wconf 83' lang='lat' dir='ltr'>quidem</span> <span class='ocrx_word' id='word_1_40' title='bbox 685 2217 800 2291; x_wconf 70' lang='lat' dir='ltr'>perpetio,</span> <span class='ocrx_word' id='word_1_41' title='bbox 826 2216 876 2272; x_wconf 85' lang='lat' dir='ltr'>sed</span> <span class='ocrx_word' id='word_1_42' title='bbox 895 2217 1008 2289; x_wconf 63' lang='lat' dir='ltr'>euregie,</span> <span class='ocrx_word' id='word_1_43' title='bbox 1047 2236 1102 2273; x_wconf 84' lang='lat' dir='ltr'>nnn</span> <span class='ocrx_word' id='word_1_44' title='bbox 1125 2217 1289 2274; x_wconf 75' lang='lat' dir='ltr'>admittebat</span> <span class='ocrx_word' id='word_1_45' title='bbox 1303 2224 1353 2290; x_wconf 77' lang='lat' dir='ltr'>pe-</span> 
     </span>
    </p>

    <p class='ocr_par' dir='ltr' id='par_1_5' title="bbox 266 2323 1354 2507">
     <span class='ocr_line' id='line_1_8' title="bbox 268 2323 1354 2400; baseline -0.001 -20"><span class='ocrx_word' id='word_1_46' title='bbox 268 2325 378 2400; x_wconf 79' lang='lat' dir='ltr'>pnlum,</span> <span class='ocrx_word' id='word_1_47' title='bbox 413 2331 440 2380; x_wconf 83' lang='lat' dir='ltr'>et</span> <span class='ocrx_word' id='word_1_48' title='bbox 460 2325 529 2398; x_wconf 82' lang='lat' dir='ltr'>quin</span> <span class='ocrx_word' id='word_1_49' title='bbox 565 2323 688 2379; x_wconf 86' lang='lat' dir='ltr'>nendum</span> <span class='ocrx_word' id='word_1_50' title='bbox 723 2324 791 2380; x_wconf 82' lang='lat' dir='ltr'>lenm</span> <span class='ocrx_word' id='word_1_51' title='bbox 823 2323 984 2380; x_wconf 73' lang='lat' dir='ltr'>consuetudo</span> <span class='ocrx_word' id='word_1_52' title='bbox 1019 2330 1083 2379; x_wconf 84' lang='lat' dir='ltr'>erut</span> <span class='ocrx_word' id='word_1_53' title='bbox 1104 2324 1214 2379; x_wconf 80' lang='lat' dir='ltr'>ineiuclu</span> <span class='ocrx_word' id='word_1_54' title='bbox 1238 2330 1265 2379; x_wconf 86' lang='lat' dir='ltr'>et</span> <span class='ocrx_word' id='word_1_55' title='bbox 1285 2325 1354 2398; x_wconf 81' lang='lat' dir='ltr'>quin</span> 
     </span>
     <span class='ocr_line' id='line_1_9' title="bbox 266 2429 1021 2507; baseline -0.003 -18"><span class='ocrx_word' id='word_1_56' title='bbox 266 2433 392 2507; x_wconf 84' lang='lat' dir='ltr'>putabat</span> <span class='ocrx_word' id='word_1_57' title='bbox 412 2438 491 2505; x_wconf 83' lang='lat' dir='ltr'>turpe</span> <span class='ocrx_word' id='word_1_58' title='bbox 514 2448 549 2486; x_wconf 84' lang='lat' dir='ltr'>uc</span> <span class='ocrx_word' id='word_1_59' title='bbox 560 2429 690 2504; x_wconf 77' lang='lat' dir='ltr'>friuolae</span> <span class='ocrx_word' id='word_1_60' title='bbox 712 2431 868 2487; x_wconf 82' lang='lat' dir='ltr'>e&#39;uctntiunis</span> <span class='ocrx_word' id='word_1_61' title='bbox 893 2433 1021 2500; x_wconf 83' lang='lat' dir='ltr'>448,ro.</span> 
     </span>
    </p>

    <p class='ocr_par' dir='ltr' id='par_1_6' title="bbox 185 2537 1353 2721">
     <span class='ocr_line' id='line_1_10' title="bbox 290 2537 1353 2613; baseline -0.003 -18"><span class='ocrx_word' id='word_1_62' title='bbox 290 2537 418 2596; x_wconf 87' lang='lat' dir='ltr'>Labieni</span> <span class='ocrx_word' id='word_1_63' title='bbox 442 2537 530 2613; x_wconf 82' lang='lat' dir='ltr'>igitur</span> <span class='ocrx_word' id='word_1_64' title='bbox 554 2547 649 2594; x_wconf 88' lang='lat' dir='ltr'>aetate</span> <span class='ocrx_word' id='word_1_65' title='bbox 670 2538 746 2594; x_wconf 88' lang='lat' dir='ltr'>haec</span> <span class='ocrx_word' id='word_1_66' title='bbox 763 2537 949 2594; x_wconf 80' lang='lat' dir='ltr'>consuetudo</span> <span class='ocrx_word' id='word_1_67' title='bbox 967 2537 1100 2594; x_wconf 86' lang='lat' dir='ltr'>nondum</span> <span class='ocrx_word' id='word_1_68' title='bbox 1126 2547 1188 2593; x_wconf 86' lang='lat' dir='ltr'>erat</span> <span class='ocrx_word' id='word_1_69' title='bbox 1213 2537 1353 2604; x_wconf 78' lang='lat' dir='ltr'>inducta;</span> 
     </span>
     <span class='ocr_line' id='line_1_11' title="bbox 185 2643 1158 2721; baseline -0.003 -18"><span class='ocrx_word' id='word_1_70' title='bbox 185 2664 276 2721; x_wconf 88' lang='lat' dir='ltr'>quare</span> <span class='ocrx_word' id='word_1_71' title='bbox 300 2645 408 2720; x_wconf 88' lang='lat' dir='ltr'>quibus</span> <span class='ocrx_word' id='word_1_72' title='bbox 433 2643 616 2720; x_wconf 87' lang='lat' dir='ltr'>temporibus</span> <span class='ocrx_word' id='word_1_73' title='bbox 642 2644 690 2702; x_wconf 83' lang='lat' dir='ltr'>illc</span> <span class='ocrx_word' id='word_1_74' title='bbox 715 2643 849 2719; x_wconf 84' lang='lat' dir='ltr'>viguerit,</span> <span class='ocrx_word' id='word_1_75' title='bbox 876 2646 1081 2718; x_wconf 88' lang='lat' dir='ltr'>quaerendum</span> <span class='ocrx_word' id='word_1_76' title='bbox 1106 2655 1158 2701; x_wconf 87' lang='lat' dir='ltr'>est.</span> 
     </span>
    </p>

    <p class='ocr_par' dir='ltr' id='par_1_7' title="bbox 291 2752 1354 2827">
     <span class='ocr_line' id='line_1_12' title="bbox 291 2752 1354 2827; baseline -0.004 -17"><span class='ocrx_word' id='word_1_77' title='bbox 291 2755 321 2810; x_wconf 92' lang='lat' dir='ltr'>in</span> <span class='ocrx_word' id='word_1_78' title='bbox 344 2754 394 2810; x_wconf 83' lang='lat' dir='ltr'>bec</span> <span class='ocrx_word' id='word_1_79' title='bbox 409 2754 538 2827; x_wconf 80' lang='lat' dir='ltr'>primum</span> <span class='ocrx_word' id='word_1_80' title='bbox 571 2753 725 2824; x_wconf 80' lang='lat' dir='ltr'>excogitata</span> <span class='ocrx_word' id='word_1_81' title='bbox 759 2758 800 2808; x_wconf 83' lang='lat' dir='ltr'>est</span> <span class='ocrx_word' id='word_1_82' title='bbox 827 2771 900 2808; x_wconf 81' lang='lat' dir='ltr'>neem</span> <span class='ocrx_word' id='word_1_83' title='bbox 918 2761 1032 2827; x_wconf 79' lang='lat' dir='ltr'>pneren;</span> <span class='ocrx_word' id='word_1_84' title='bbox 1066 2753 1188 2826; x_wconf 73' lang='lat' dir='ltr'>efficium</span> <span class='ocrx_word' id='word_1_85' title='bbox 1222 2758 1263 2807; x_wconf 74' lang='lat' dir='ltr'>esi</span> <span class='ocrx_word' id='word_1_86' title='bbox 1283 2752 1354 2807; x_wconf 85' lang='lat' dir='ltr'>ern&#39;m</span> 
     </span>
    </p>

    <p class='ocr_par' dir='ltr' id='par_1_8' title="bbox 266 2859 1214 2937">
     <span class='ocr_line' id='line_1_13' title="bbox 266 2859 1214 2937; baseline -0.002 -20"><span class='ocrx_word' id='word_1_87' title='bbox 266 2870 323 2937; x_wconf 81' lang='lat' dir='ltr'>per</span> <span class='ocrx_word' id='word_1_88' title='bbox 345 2861 478 2927; x_wconf 84' lang='lat' dir='ltr'>inimicos,</span> <span class='ocrx_word' id='word_1_89' title='bbox 503 2866 536 2915; x_wconf 87' lang='lat' dir='ltr'>ut</span> <span class='ocrx_word' id='word_1_90' title='bbox 555 2877 647 2915; x_wconf 80' lang='lat' dir='ltr'>onines</span> <span class='ocrx_word' id='word_1_91' title='bbox 670 2860 729 2914; x_wconf 86' lang='lat' dir='ltr'>eius</span> <span class='ocrx_word' id='word_1_92' title='bbox 751 2859 820 2915; x_wconf 80' lang='lat' dir='ltr'>libri</span> <span class='ocrx_word' id='word_1_93' title='bbox 839 2859 1063 2915; x_wconf 78' lang='lat' dir='ltr'>comburerentur</span> <span class='ocrx_word' id='word_1_94' title='bbox 1085 2878 1214 2930; x_wconf 81' lang='lat' dir='ltr'>44o,12.</span> 
     </span>
    </p>

    <p class='ocr_par' dir='ltr' id='par_1_9' title="bbox 274 2957 1357 3040">
     <span class='ocr_line' id='line_1_14' title="bbox 274 2957 1357 3040; baseline -0.001 -18"><span class='ocrx_word' id='word_1_95' title='bbox 274 2987 329 3024; x_wconf 85' lang='lat' dir='ltr'>non</span> <span class='ocrx_word' id='word_1_96' title='bbox 353 2967 417 3023; x_wconf 83' lang='lat' dir='ltr'>tulii</span> <span class='ocrx_word' id='word_1_97' title='bbox 445 2967 519 3022; x_wconf 81' lang='lat' dir='ltr'>banc</span> <span class='ocrx_word' id='word_1_98' title='bbox 539 2966 683 3022; x_wconf 80' lang='lat' dir='ltr'>Labienus</span> <span class='ocrx_word' id='word_1_99' title='bbox 705 2967 907 3034; x_wconf 82' lang='lat' dir='ltr'>coutumeliam,</span> <span class='ocrx_word' id='word_1_100' title='bbox 941 2984 988 3024; x_wconf 85' lang='lat' dir='ltr'>uec</span> <span class='ocrx_word' id='word_1_101' title='bbox 1014 2973 1148 3040; x_wconf 74' lang='lat' dir='ltr'>superstes</span> <span class='ocrx_word' id='word_1_102' title='bbox 1171 2985 1226 3023; x_wconf 86' lang='lat' dir='ltr'>esse</span> <span class='ocrx_word' id='word_1_103' title='bbox 1239 2957 1357 3037; x_wconf 50' lang='lat' dir='ltr'>&#39;ingenio</span> 
     </span>
    </p>

    <p class='ocr_par' dir='ltr' id='par_1_10' title="bbox 273 3073 1360 3147">
     <span class='ocr_line' id='line_1_15' title="bbox 273 3073 1360 3147; baseline -0.002 -17"><span class='ocrx_word' id='word_1_104' title='bbox 273 3093 324 3130; x_wconf 85' lang='lat' dir='ltr'>sno</span> <span class='ocrx_word' id='word_1_105' title='bbox 353 3073 449 3141; x_wconf 83' lang='lat' dir='ltr'>uoluit,</span> <span class='ocrx_word' id='word_1_106' title='bbox 482 3073 582 3130; x_wconf 85' lang='lat' dir='ltr'>sedin</span> <span class='ocrx_word' id='word_1_107' title='bbox 606 3075 774 3129; x_wconf 80' lang='lat' dir='ltr'>monimenta</span> <span class='ocrx_word' id='word_1_108' title='bbox 807 3092 834 3130; x_wconf 90' lang='lat' dir='ltr'>se</span> <span class='ocrx_word' id='word_1_109' title='bbox 858 3075 997 3130; x_wconf 68' lang='lat' dir='ltr'>nnmerum</span> <span class='ocrx_word' id='word_1_110' title='bbox 1033 3092 1148 3130; x_wconf 82' lang='lat' dir='ltr'>seierum</span> <span class='ocrx_word' id='word_1_111' title='bbox 1163 3073 1246 3147; x_wconf 78' lang='lat' dir='ltr'>ferri</span> <span class='ocrx_word' id='word_1_112' title='bbox 1277 3074 1360 3130; x_wconf 80' lang='lat' dir='ltr'>iussit</span> 
     </span>
    </p>

    <p class='ocr_par' dir='ltr' id='par_1_11' title="bbox 274 3179 625 3254">
     <span class='ocr_line' id='line_1_16' title="bbox 274 3179 625 3254; baseline -0.006 -17"><span class='ocrx_word' id='word_1_113' title='bbox 274 3187 358 3254; x_wconf 82' lang='lat' dir='ltr'>utque</span> <span class='ocrx_word' id='word_1_114' title='bbox 380 3179 485 3236; x_wconf 84' lang='lat' dir='ltr'>includi</span> <span class='ocrx_word' id='word_1_115' title='bbox 505 3194 625 3252; x_wconf 69' lang='lat' dir='ltr'>450,J3.</span> 
     </span>
    </p>

    <p class='ocr_par' dir='ltr' id='par_1_12' title="bbox 187 3279 1357 3560">
     <span class='ocr_line' id='line_1_17' title="bbox 294 3279 1356 3362; baseline -0.001 -18"><span class='ocrx_word' id='word_1_116' title='bbox 294 3288 381 3344; x_wconf 87' lang='lat' dir='ltr'>Haec</span> <span class='ocrx_word' id='word_1_117' title='bbox 406 3286 521 3344; x_wconf 85' lang='lat' dir='ltr'>Teuffel</span> <span class='ocrx_word' id='word_1_118' title='bbox 535 3279 556 3362; x_wconf 82' lang='lat'>¹)</span> <span class='ocrx_word' id='word_1_119' title='bbox 581 3286 695 3344; x_wconf 89' lang='lat' dir='ltr'>ratione</span> <span class='ocrx_word' id='word_1_120' title='bbox 719 3305 780 3343; x_wconf 92' lang='lat' dir='ltr'>non</span> <span class='ocrx_word' id='word_1_121' title='bbox 806 3287 944 3361; x_wconf 77' lang='lat' dir='ltr'>apposita</span> <span class='ocrx_word' id='word_1_122' title='bbox 976 3298 1059 3361; x_wconf 78' lang='lat' dir='ltr'>pinat</span> <span class='ocrx_word' id='word_1_123' title='bbox 1084 3288 1163 3344; x_wconf 81' lang='lat' dir='ltr'>iacta</span> <span class='ocrx_word' id='word_1_124' title='bbox 1188 3305 1253 3344; x_wconf 84' lang='lat' dir='ltr'>esse</span> <span class='ocrx_word' id='word_1_125' title='bbox 1278 3287 1356 3343; x_wconf 84' lang='lat' dir='ltr'>circa</span> 
     </span>
     <span class='ocr_line' id='line_1_18' title="bbox 187 3393 1357 3468; baseline 0.001 -17"><span class='ocrx_word' id='word_1_126' title='bbox 187 3413 298 3452; x_wconf 86' lang='lat' dir='ltr'>annum</span> <span class='ocrx_word' id='word_1_127' title='bbox 327 3395 399 3468; x_wconf 85' lang='lat'>765.</span> <span class='ocrx_word' id='word_1_128' title='bbox 449 3393 523 3450; x_wconf 86' lang='lat' dir='ltr'>Mihi</span> <span class='ocrx_word' id='word_1_129' title='bbox 548 3412 628 3461; x_wconf 85' lang='lat' dir='ltr'>vem,</span> <span class='ocrx_word' id='word_1_130' title='bbox 666 3393 808 3468; x_wconf 88' lang='lat' dir='ltr'>quoniam</span> <span class='ocrx_word' id='word_1_131' title='bbox 847 3394 928 3468; x_wconf 89' lang='lat' dir='ltr'>apud</span> <span class='ocrx_word' id='word_1_132' title='bbox 953 3395 1099 3452; x_wconf 80' lang='lat' dir='ltr'>Senecam</span> <span class='ocrx_word' id='word_1_133' title='bbox 1138 3395 1212 3451; x_wconf 84' lang='lat' dir='ltr'>baec</span> <span class='ocrx_word' id='word_1_134' title='bbox 1236 3414 1357 3468; x_wconf 84' lang='lat' dir='ltr'>quoque</span> 
     </span>
     <span class='ocr_line' id='line_1_19' title="bbox 188 3511 320 3560; baseline -0.015 0"><span class='ocrx_word' id='word_1_135' title='bbox 188 3511 320 3560; x_wconf 87' lang='lat' dir='ltr'>exstant:</span> 
     </span>
    </p>

    <p class='ocr_par' dir='ltr' id='par_1_13' title="bbox 282 3606 1361 3682">
     <span class='ocr_line' id='line_1_20' title="bbox 282 3606 1361 3682; baseline 0 -17"><span class='ocrx_word' id='word_1_136' title='bbox 282 3608 365 3665; x_wconf 87' lang='lat' dir='ltr'>Cussi</span> <span class='ocrx_word' id='word_1_137' title='bbox 374 3606 480 3674; x_wconf 82' lang='lat' dir='ltr'>Seueri,</span> <span class='ocrx_word' id='word_1_138' title='bbox 498 3608 618 3664; x_wconf 82' lang='lat' dir='ltr'>buieeinis</span> <span class='ocrx_word' id='word_1_139' title='bbox 642 3607 766 3664; x_wconf 80' lang='lat' dir='ltr'>Labieno</span> <span class='ocrx_word' id='word_1_140' title='bbox 782 3609 955 3676; x_wconf 79' lang='lat' dir='ltr'>inuisissimi,</span> <span class='ocrx_word' id='word_1_141' title='bbox 972 3609 1036 3664; x_wconf 84' lang='lat' dir='ltr'>belle</span> <span class='ocrx_word' id='word_1_142' title='bbox 1056 3609 1127 3665; x_wconf 81' lang='lat' dir='ltr'>dictu</span> <span class='ocrx_word' id='word_1_143' title='bbox 1151 3628 1194 3665; x_wconf 86' lang='lat' dir='ltr'>res</span> <span class='ocrx_word' id='word_1_144' title='bbox 1209 3609 1361 3682; x_wconf 78' lang='lat' dir='ltr'>ferebatur</span> 
     </span>
    </p>

    <p class='ocr_par' dir='ltr' id='par_1_14' title="bbox 277 3715 1362 3789">
     <span class='ocr_line' id='line_1_21' title="bbox 277 3715 1362 3789; baseline 0 -17"><span class='ocrx_word' id='word_1_145' title='bbox 277 3716 325 3772; x_wconf 83' lang='lat' dir='ltr'>illo</span> <span class='ocrx_word' id='word_1_146' title='bbox 347 3721 475 3789; x_wconf 78' lang='lat' dir='ltr'>tempure,</span> <span class='ocrx_word' id='word_1_147' title='bbox 499 3733 554 3788; x_wconf 80' lang='lat' dir='ltr'>qun</span> <span class='ocrx_word' id='word_1_148' title='bbox 589 3715 657 3771; x_wconf 91' lang='lat' dir='ltr'>libri</span> <span class='ocrx_word' id='word_1_149' title='bbox 677 3715 799 3771; x_wconf 79' lang='lat' dir='ltr'>Labieni</span> <span class='ocrx_word' id='word_1_150' title='bbox 828 3735 863 3771; x_wconf 86' lang='lat' dir='ltr'>ex</span> <span class='ocrx_word' id='word_1_151' title='bbox 894 3722 1008 3772; x_wconf 76' lang='lat' dir='ltr'>..renatus</span> <span class='ocrx_word' id='word_1_152' title='bbox 1039 3716 1159 3773; x_wconf 79' lang='lat' dir='ltr'>consultu</span> <span class='ocrx_word' id='word_1_153' title='bbox 1205 3717 1362 3772; x_wconf 81' lang='lat' dir='ltr'>urebantur</span> 
     </span>
    </p>

    <p class='ocr_par' dir='ltr' id='par_1_15' title="bbox 279 3838 385 3897">
     <span class='ocr_line' id='line_1_22' title="bbox 279 3838 385 3897; baseline 0.009 -2"><span class='ocrx_word' id='word_1_154' title='bbox 279 3838 385 3897; x_wconf 75' lang='lat'>451·3=</span> 
     </span>
    </p>

    <p class='ocr_par' dir='ltr' id='par_1_16' title="bbox 190 3929 1361 4417">
     <span class='ocr_line' id='line_1_23' title="bbox 295 3929 1359 4004; baseline -0.002 -16"><span class='ocrx_word' id='word_1_155' title='bbox 295 3929 333 3988; x_wconf 86' lang='lat' dir='ltr'>ad</span> <span class='ocrx_word' id='word_1_156' title='bbox 352 3929 465 4003; x_wconf 88' lang='lat' dir='ltr'>priores</span> <span class='ocrx_word' id='word_1_157' title='bbox 488 3947 583 3986; x_wconf 90' lang='lat' dir='ltr'>annos</span> <span class='ocrx_word' id='word_1_158' title='bbox 608 3929 808 3986; x_wconf 88' lang='lat' dir='ltr'>recedendum</span> <span class='ocrx_word' id='word_1_159' title='bbox 834 3948 898 3986; x_wconf 86' lang='lat' dir='ltr'>esse</span> <span class='ocrx_word' id='word_1_160' title='bbox 923 3948 1096 4004; x_wconf 85' lang='lat' dir='ltr'>persuasum</span> <span class='ocrx_word' id='word_1_161' title='bbox 1121 3940 1173 3987; x_wconf 85' lang='lat' dir='ltr'>est.</span> <span class='ocrx_word' id='word_1_162' title='bbox 1223 3931 1359 4004; x_wconf 86' lang='lat' dir='ltr'>Namque</span> 
     </span>
     <span class='ocr_line' id='line_1_24' title="bbox 191 4035 1360 4111; baseline -0.002 -17"><span class='ocrx_word' id='word_1_163' title='bbox 191 4038 215 4095; x_wconf 90' lang='lat' dir='ltr'>si</span> <span class='ocrx_word' id='word_1_164' title='bbox 251 4037 307 4094; x_wconf 87' lang='lat' dir='ltr'>illo</span> <span class='ocrx_word' id='word_1_165' title='bbox 344 4047 488 4111; x_wconf 87' lang='lat' dir='ltr'>tempore,</span> <span class='ocrx_word' id='word_1_166' title='bbox 526 4054 585 4109; x_wconf 86' lang='lat' dir='ltr'>quo</span> <span class='ocrx_word' id='word_1_167' title='bbox 619 4035 687 4092; x_wconf 87' lang='lat' dir='ltr'>libri</span> <span class='ocrx_word' id='word_1_168' title='bbox 723 4035 850 4092; x_wconf 87' lang='lat' dir='ltr'>Labieni</span> <span class='ocrx_word' id='word_1_169' title='bbox 880 4037 1050 4105; x_wconf 74' lang='lat' dir='ltr'>urebantur,</span> <span class='ocrx_word' id='word_1_170' title='bbox 1087 4037 1207 4095; x_wconf 85' lang='lat' dir='ltr'>Cassius</span> <span class='ocrx_word' id='word_1_171' title='bbox 1236 4039 1360 4094; x_wconf 74' lang='lat' dir='ltr'>Severus</span> 
     </span>
     <span class='ocr_line' id='line_1_25' title="bbox 190 4143 1361 4219; baseline -0.002 -17"><span class='ocrx_word' id='word_1_172' title='bbox 190 4147 308 4202; x_wconf 90' lang='lat' dir='ltr'>Romae</span> <span class='ocrx_word' id='word_1_173' title='bbox 343 4143 402 4200; x_wconf 88' lang='lat' dir='ltr'>iam</span> <span class='ocrx_word' id='word_1_174' title='bbox 438 4162 499 4200; x_wconf 91' lang='lat' dir='ltr'>non</span> <span class='ocrx_word' id='word_1_175' title='bbox 534 4153 666 4200; x_wconf 88' lang='lat' dir='ltr'>moratus</span> <span class='ocrx_word' id='word_1_176' title='bbox 690 4153 777 4211; x_wconf 83' lang='lat' dir='ltr'>esset,</span> <span class='ocrx_word' id='word_1_177' title='bbox 814 4163 852 4201; x_wconf 93' lang='lat' dir='ltr'>ne</span> <span class='ocrx_word' id='word_1_178' title='bbox 884 4144 942 4200; x_wconf 91' lang='lat' dir='ltr'>boc</span> <span class='ocrx_word' id='word_1_179' title='bbox 966 4144 1087 4218; x_wconf 84' lang='lat' dir='ltr'>quidem</span> <span class='ocrx_word' id='word_1_180' title='bbox 1113 4145 1174 4202; x_wconf 82' lang='lat' dir='ltr'>sieri</span> <span class='ocrx_word' id='word_1_181' title='bbox 1200 4145 1304 4219; x_wconf 78' lang='lat' dir='ltr'>potuit,</span> <span class='ocrx_word' id='word_1_182' title='bbox 1330 4154 1361 4200; x_wconf 90' lang='lat' dir='ltr'>ut</span> 
     </span>
     <span class='ocr_line' id='line_1_26' title="bbox 192 4250 1361 4325; baseline -0.002 -15"><span class='ocrx_word' id='word_1_183' title='bbox 192 4252 298 4310; x_wconf 86' lang='lat' dir='ltr'>eodem</span> <span class='ocrx_word' id='word_1_184' title='bbox 335 4250 386 4307; x_wconf 89' lang='lat' dir='ltr'>illo</span> <span class='ocrx_word' id='word_1_185' title='bbox 422 4259 557 4325; x_wconf 89' lang='lat' dir='ltr'>tempore</span> <span class='ocrx_word' id='word_1_186' title='bbox 593 4250 631 4308; x_wconf 90' lang='lat' dir='ltr'>de</span> <span class='ocrx_word' id='word_1_187' title='bbox 666 4251 725 4307; x_wconf 88' lang='lat' dir='ltr'>hoc</span> <span class='ocrx_word' id='word_1_188' title='bbox 760 4262 880 4308; x_wconf 85' lang='lat' dir='ltr'>senatus</span> <span class='ocrx_word' id='word_1_189' title='bbox 916 4252 1052 4308; x_wconf 86' lang='lat' dir='ltr'>consulto</span> <span class='ocrx_word' id='word_1_190' title='bbox 1078 4252 1173 4308; x_wconf 77' lang='lat' dir='ltr'>facete</span> <span class='ocrx_word' id='word_1_191' title='bbox 1197 4251 1309 4308; x_wconf 86' lang='lat' dir='ltr'>diceret</span> <span class='ocrx_word' id='word_1_192' title='bbox 1333 4262 1361 4308; x_wconf 86' lang='lat' dir='ltr'>et</span> 
     </span>
     <span class='ocr_line' id='line_1_27' title="bbox 192 4357 1360 4417; baseline -0.002 -1"><span class='ocrx_word' id='word_1_193' title='bbox 192 4358 304 4417; x_wconf 85' lang='lat' dir='ltr'>dictum</span> <span class='ocrx_word' id='word_1_194' title='bbox 330 4357 393 4416; x_wconf 89' lang='lat' dir='ltr'>eius</span> <span class='ocrx_word' id='word_1_195' title='bbox 424 4359 539 4415; x_wconf 87' lang='lat' dir='ltr'>Romae</span> <span class='ocrx_word' id='word_1_196' title='bbox 563 4358 694 4416; x_wconf 87' lang='lat' dir='ltr'>ferretur.</span> <span class='ocrx_word' id='word_1_197' title='bbox 743 4357 864 4416; x_wconf 85' lang='lat' dir='ltr'>Cassius</span> <span class='ocrx_word' id='word_1_198' title='bbox 890 4359 1014 4416; x_wconf 89' lang='lat' dir='ltr'>Severus</span> <span class='ocrx_word' id='word_1_199' title='bbox 1050 4370 1149 4416; x_wconf 85' lang='lat' dir='ltr'>autem</span> <span class='ocrx_word' id='word_1_200' title='bbox 1187 4358 1216 4416; x_wconf 95' lang='lat' dir='ltr'>in</span> <span class='ocrx_word' id='word_1_201' title='bbox 1241 4359 1360 4415; x_wconf 87' lang='lat' dir='ltr'>Cretam</span> 
     </span>
    </p>
   </div>
   <div class='ocr_carea' id='block_1_4' title="bbox 301 4654 1293 4782">
    <p class='ocr_par' dir='ltr' id='par_1_17' title="bbox 301 4654 1293 4782">
     <span class='ocr_line' id='line_1_28' title="bbox 301 4654 1293 4724; baseline 0.002 -20"><span class='ocrx_word' id='word_1_202' title='bbox 301 4655 321 4724; x_wconf 82' lang='lat'>¹)</span> <span class='ocrx_word' id='word_1_203' title='bbox 340 4654 600 4706; x_wconf 79' lang='lat' dir='ltr'>Teuffel-Schwabe.⁶</span> <span class='ocrx_word' id='word_1_204' title='bbox 637 4657 791 4706; x_wconf 85' lang='lat' dir='ltr'>Geschichte</span> <span class='ocrx_word' id='word_1_205' title='bbox 810 4658 856 4706; x_wconf 89' lang='lat' dir='ltr'>der</span> <span class='ocrx_word' id='word_1_206' title='bbox 873 4657 1016 4706; x_wconf 78' lang='lat' dir='ltr'>rbmischen</span> <span class='ocrx_word' id='word_1_207' title='bbox 1036 4658 1170 4706; x_wconf 87' lang='lat' dir='ltr'>Litteratur</span> <span class='ocrx_word' id='word_1_208' title='bbox 1190 4658 1293 4719; x_wconf 85' lang='lat'>267,10.</span> 
     </span>
     <span class='ocr_line' id='line_1_29' title="bbox 1119 4733 1131 4782; baseline 0 0"><span class='ocrx_word' id='word_1_209' title='bbox 1119 4733 1131 4782; x_wconf 92' lang='lat'>1</span> 
     </span>
    </p>
   </div>
   <div class='ocr_carea' id='block_1_5' title="bbox 0 0 1772 5508">
    <p class='ocr_par' dir='ltr' id='par_1_18' title="bbox 0 0 1772 5508">
     <span class='ocr_line' id='line_1_30' title="bbox 0 0 1772 5508; baseline 0 0"><span class='ocrx_word' id='word_1_210' title='bbox 0 0 1772 5508; x_wconf 95' lang='lat' dir='ltr'> </span> 
     </span>
    </p>
   </div>
  </div>
 </body>
</html>
