3492 5508
884 447 1103 501 -.42-

404 623 528 693 toribus
553 625 624 681 dum
642 625 801 694 declamat,
827 625 894 682 stilo
917 625 1023 700 excipi,
1049 625 1133 700 quod
1156 624 1291 682 videmus
1309 625 1469 683 Albucium
1495 625 1574 700 apud

405 731 572 789 Fabianum
596 733 695 790 facere
723 735 849 807 269,12.

957 870 1020 926 29.

512 965 571 1022 Sed
596 963 685 1021 etiam
721 965 807 1022 tertia
843 965 917 1022 ra'tio
953 975 1050 1040 potest
1086 965 1221 1040 cogitari,
1258 965 1394 1022 nimirum
1424 964 1573 1022 auditores

405 1073 471 1147 ipsa
495 1071 639 1129 memoria
664 1091 789 1146 magnas
818 1072 1071 1130 declamationum
1096 1082 1195 1148 partes
1220 1072 1347 1129 retinere
1371 1071 1497 1146 aliisque
1520 1081 1572 1129 tra·

405 1179 485 1238 dere.
534 1180 625 1252 Quod
648 1198 708 1236 non
733 1179 838 1236 mirum
864 1192 908 1236 est
932 1180 962 1236 in
987 1190 1067 1237 tanta
1092 1180 1196 1236 borum
1221 1189 1387 1254 temporum
1412 1179 1574 1236 memoriae

405 1287 433 1342 vi
463 1298 553 1361 atque
578 1286 800 1355 exercitatione,
838 1287 921 1344 cuius
945 1287 1211 1344 luculentissimum
1236 1288 1404 1362 exemplum
1429 1287 1573 1344 habemus

405 1393 501 1468 ipsum
527 1395 682 1451 Senecam.
731 1394 832 1466 Quare
857 1413 918 1451 non
951 1394 1066 1462 dubita,
1104 1395 1176 1467 quin
1200 1395 1258 1451 hac
1282 1394 1329 1450 via
1353 1394 1483 1450 maxima
1508 1413 1573 1468 pars

405 1520 507 1558 earum
532 1501 755 1569 sententiarum,
794 1501 832 1559 de
866 1502 974 1575 quibus
999 1501 1178 1576 quaerimus
1216 1501 1254 1559 ad
1291 1511 1426 1576 posteros
1451 1501 1572 1558 venerit.

406 1609 550 1667 Conferas
574 1608 680 1666 velim:

494 1718 608 1773 memini
629 1716 782 1774 Latronem
812 1719 842 1774 in
859 1717 1040 1792 praefatione
1062 1717 1188 1791 accedam
1205 1717 1301 1785 elicere,
1325 1717 1403 1791 quod
1421 1716 1577 1772 scholastici

455 1875 457 1880 .
491 1825 578 1900 quaesi
598 1841 709 1880 cararen
733 1824 888 1881 deilicemcnt
914 1844 1016 1899 134,2.

492 1939 550 1988 tarn
579 1932 718 2003 clr'liuentes
741 1939 806 1988 turre
834 1932 975 1989 auditores
1005 1938 1096 2004 erant,
1128 1951 1167 1988 ne
1184 1932 1274 1988 dicam
1303 1939 1361 1988 tam
1392 1932 1519 2003 maligni,
1544 1939 1578 1988 ut

455 2048 459 2058 '
492 2058 579 2095 urium
603 2040 715 2096 uerbum
739 2041 848 2114 surripi
869 2059 924 2095 non
942 2047 1037 2113 posset
1060 2055 1171 2114 5449.

492 2146 576 2203 recolo
600 2146 675 2202 nibil
692 2146 786 2220 fuisse
812 2166 854 2202 rrae
877 2148 973 2203 iuuene
997 2153 1055 2204 men
1073 2154 1168 2204 notum
1194 2166 1281 2221 quam
1305 2147 1359 2202 bers
1381 2147 1576 2221 explicationes

492 2254 586 2322 Fusci,
611 2273 683 2328 quas
706 2274 784 2311 neruo
808 2262 933 2310 nostram
957 2273 1012 2311 non
1025 2254 1099 2310 alius
1122 2255 1182 2310 alca
1207 2254 1384 2310 inclinatione
1408 2256 1479 2311 uocis
1501 2255 1579 2311 velut

491 2378 544 2416 sua
568 2362 685 2435 quisque
708 2362 894 2419 modulatione
917 2363 1050 2418 coartabat
1074 2378 1088 2436 5
1095 2364 1174 2436 38.1

511 2467 672 2525 Audiendo
719 2469 807 2543 igitur
842 2469 980 2526 ediscunt
1023 2468 1194 2526 scholastici
1238 2468 1378 2526 flosculos
1412 2469 1574 2538 rhetorum,

403 2574 513 2633 deinde
537 2575 575 2633 cle
600 2575 641 2632 eis
666 2575 826 2650 disputant.

490 2684 609 2740 Labiem
621 2685 783 2740 sententiam
795 2686 937 2760 separavi,
953 2685 1022 2758 qnia
1034 2684 1118 2740 locati
1127 2684 1159 2740 cle
1171 2684 1221 2740 illa
1234 2685 1357 2740 bortrines
1369 2691 1453 2740 ararit
1464 2703 1536 2757 49²:
1546 2701 1573 2759 5.

509 2791 628 2864 Quibus
653 2791 780 2866 cognitis
805 2811 866 2848 non
891 2791 949 2848 iam
975 2791 1090 2859 dubito,
1116 2792 1188 2864 quin
1212 2789 1317 2848 eadem
1344 2790 1458 2848 ratione
1487 2791 1574 2848 inter·

402 2898 584 2971 precandum
609 2899 646 2956 sit
677 2899 759 2967 illud,
785 2900 867 2972 quod
900 2918 988 2974 supra
1020 2897 1247 2974 praeposuimus
1282 2899 1320 2955 de
1343 2898 1427 2956 Varii
1453 2899 1575 2956 Gemini

402 3005 549 3063 sententia
572 3007 661 3064 valde
686 3006 859 3064 circumlata
885 3017 935 3064 aut
959 3006 997 3064 de
1014 3005 1152 3063 Latronis
1170 3004 1340 3074 sententiis
1366 3025 1442 3080 quae
1458 3025 1576 3064 summa

402 3111 599 3170 admiratione
636 3113 790 3170 bominum
827 3113 1119 3171 circumferebantur.
1177 3113 1293 3171 Eodem
1330 3124 1454 3188 spectat,
1492 3116 1575 3188 quod

402 3219 519 3276 Seneca
542 3220 628 3279 dicit:
1077 3225 1078 3228 ’

489 3328 557 3383 baec
577 3331 710 3385 sententia
734 3330 876 3386 dicebatur
897 3348 933 3384 ex
952 3329 1059 3386 Graeco
1081 3327 1234 3396 translata,
1258 3328 1308 3385 sea
1330 3328 1440 3385 Graeca
1463 3339 1576 3404 corrup-

487 3435 544 3490 tior
563 3443 604 3491 est
628 3438 758 3504 286‚18.

507 3544 567 3600 Ista
602 3543 681 3601 enirn
707 3545 824 3602 Graeca
858 3543 1005 3600 sententia
1040 3541 1100 3599 alio
1136 3543 1205 3599 loco
1230 3541 1311 3600 dicta
1347 3561 1412 3600 esse
1447 3541 1574 3599 videtur·

400 3635 519 3707 Deinde
554 3651 603 3708 hic
638 3652 811 3710 referendae
847 3663 913 3708 sunt
946 3651 1013 3708 illae
1043 3651 1219 3718 sententiae,
1256 3669 1330 3724 quas
1366 3650 1473 3706 relatas
1509 3667 1576 3706 esse

400 3757 517 3815 disertis
560 3759 657 3816 verbis
705 3761 821 3818 Seneca
860 3758 932 3816 dicit
976 3761 1088 3829 42‚18.
1141 3773 1252 3832 79,15.
1303 3777 1390 3832 pom.
1439 3759 1575 3830 316,12.

401 3886 536 3940 4o()‚22.
564 3887 700 3940 419,2r.
727 3887 864 3941 429,17.
891 3886 1003 3940 42‹),3.
1032 3883 1144 3940 539‚2,
1192 3864 1335 3933 Passieni,
1354 3864 1439 3922 Cassi
1458 3864 1572 3932 Severi,

400 3972 525 4030 aliorum
558 3975 596 4032 de
621 3975 745 4031 Haterio
781 3975 970 4031 declamante
994 3972 1066 4030 dicti
1104 3972 1162 4029 ioci
1190 3991 1302 4046 229,1,
1328 3971 1419 4030 Cestii
1445 3970 1576 4028 facetiae

400 4081 438 4138 de
462 4082 591 4138 Albucio
620 4100 654 4155 ²7
665 4102 691 4148 2,
707 4102 733 4150 2,
759 4081 927 4139 auditorum
946 4080 1099 4154 colloquia
1116 4080 1154 4138 de
1171 4079 1411 4137 declamantibus
1437 4097 1511 4148 401,
1524 4097 1534 4134 ι
1546 4095 1575 4153 5.

401 4203 473 4264 550,
491 4207 514 4246 1.
563 4189 664 4262 Quare
683 4208 743 4246 non
761 4188 866 4245 mirum
885 4199 929 4244 est
946 4189 984 4246 de
1002 4187 1182 4261 quibusdam
1200 4185 1307 4261 prioris
1324 4185 1467 4260 temporis
1485 4184 1578 4242 dictis

399 4297 504 4354 iterum
529 4297 695 4371 iterumque
720 4315 886 4354 sermonem
914 4313 987 4362 esse,
1013 4293 1104 4352 sicut:

496 4406 614 4462 Vinicius
633 4452 637 4462 .
652 4451 674 4462 ..
693 4405 797 4461 solebat
809 4404 884 4459 liam
897 4404 1059 4459 sententiam
1076 4401 1196 4458 Semoni
1210 4401 1332 4458 deridere
1348 4407 1375 4457 et
1390 4398 1506 4456 similem
1534 4399 1582 4456 illi

487 4513 593 4586 offerre
615 4515 645 4569 in
668 4514 793 4570 oratione
816 4511 917 4567 dictam
942 4510 1080 4567 amarant
1109 4509 1213 4566 Votieni
1236 4510 1377 4582 316,12.

505 4620 600 4680 Simili
625 4620 717 4676 modo
742 4619 824 4694 quod
849 4619 963 4678 Seneca
987 4617 1044 4675 ait:
