3492 5508
702 831 876 936 Vita.

309 1277 404 1334 Natus
438 1295 502 1334 sum
528 1276 681 1335 Reinhold
705 1278 784 1335 Hess
809 1276 932 1335 Silesiae
966 1277 995 1334 in
1021 1276 1094 1334 urbe
1118 1276 1190 1334 Oels
1225 1276 1254 1334 d.
1284 1295 1372 1350 23m.

200 1385 266 1458 Jun.
292 1404 318 1442 a.
349 1385 430 1441 1868
470 1395 553 1460 patre
578 1383 722 1460 Georgi0,
755 1393 826 1441 tunc
860 1383 1007 1458 gymnasii
1048 1383 1204 1451 directore,
1230 1401 1318 1458 quem
1344 1401 1371 1442 a.

207 1493 286 1565 1892
322 1490 394 1548 milri
426 1501 557 1566 ereptum
587 1491 686 1567 lugen,
719 1500 813 1548 matre
836 1490 1040 1548 Alexandrina
1064 1508 1080 1547 e
1104 1500 1193 1565 gente
1217 1489 1371 1565 Ludewig.

202 1597 306 1656 Fidem
332 1599 476 1672 profiteor
499 1598 714 1674 evangelicam.
763 1598 799 1655 A.
829 1599 908 1670 1877
936 1597 966 1654 in
990 1596 1176 1673 gymnasium
1201 1597 1372 1655 Rendsbur·

201 1722 293 1780 gense
310 1715 445 1780 receptus
463 1705 534 1763 inde
550 1704 580 1761 in
596 1704 784 1779 gymnasium
807 1704 1025 1762 Christianeunr
1043 1705 1209 1762 Altonense
1233 1723 1259 1762 a.
1290 1707 1369 1761 1882

201 1812 417 1888 transmigravi.
472 1811 518 1870 Ibi
542 1822 700 1887 postquam
732 1821 874 1869 autumno
907 1830 933 1869 a.
965 1814 1045 1870 1886
1087 1809 1263 1869 maturitatis
1293 1811 1371 1868 testi·

202 1918 335 1976 monium
363 1919 489 1995 adeptus
528 1937 602 1988 sum,
643 1918 826 1976 universitati
855 1918 1040 1977 Berolinensi
1070 1937 1123 1994 per
1154 1936 1206 1976 sex
1242 1935 1369 1988 menses,

201 2026 379 2102 Erlangensi
403 2045 456 2102 per
472 2026 533 2084 duo
550 2025 711 2093 semestria,
731 2025 883 2083 Bonnensi
901 2044 954 2101 per
969 2026 1030 2084 duo
1054 2025 1216 2092 semestria,
1243 2025 1370 2083 Kiliensi

201 2150 254 2207 per
278 2133 410 2208 quinque
445 2134 506 2191 fere
534 2133 687 2192 semestria
721 2133 888 2208 adscriptus
923 2132 972 2190 sui.
1022 2133 1122 2192 Kiliae
1152 2132 1288 2190 examine
1316 2151 1371 2208 pro

201 2239 341 2297 facultate
353 2240 483 2298 docendi
496 2239 550 2298 rite
566 2240 714 2307 absolut0,
740 2258 807 2296 cnm
834 2240 913 2296 hanc
936 2240 1088 2298 licentiam
1113 2249 1240 2298 nanctus
1264 2257 1370 2306 essem,

201 2355 233 2402 ut
257 2345 375 2421 linguas
403 2346 535 2415 latinam,
568 2365 716 2421 graecam,
749 2346 923 2405 hebraicam
954 2366 1096 2406 necnon
1121 2347 1295 2422 religionem
1320 2364 1373 2422 per

202 2470 306 2510 omnes
339 2453 562 2528 gymnasiorum
586 2455 697 2512 classes
728 2455 879 2522 docerem,
905 2454 976 2512 inde
1001 2456 1039 2512 ab
1065 2465 1206 2512 autumno
1232 2473 1258 2513 a.
1289 2457 1367 2529 1891

201 2569 233 2616 ut
281 2560 459 2618 candidatus
500 2560 675 2636 probandus
713 2560 743 2617 in
782 2562 945 2636 gymnasiis
984 2562 1100 2620 urbium
1139 2562 1304 2636 Flensburg
1343 2573 1372 2618 et

202 2667 435 2725 Schneidemtihl
460 2685 512 2742 per
535 2668 611 2725 duos
628 2686 723 2725 annos
745 2680 875 2726 versatus
900 2687 973 2726 sum.
1014 2670 1092 2728 Turn
1117 2667 1273 2744 stipendiis
1298 2667 1372 2725 mili·

200 2774 314 2832 taribus
339 2774 425 2832 factis
443 2794 497 2850 per
512 2775 682 2850 complures
706 2794 801 2832 annos
819 2775 998 2850 privatarum
1015 2777 1183 2834 scholamm
1207 2775 1371 2851 discipulos

201 2881 302 2939 docui.
350 2883 429 2940 Vere
453 2902 479 2940 a.
510 2885 591 2957 1898
616 2893 773 2940 revocatus
798 2901 862 2940 sum
894 2884 933 2942 ad
956 2885 1143 2960 gymnasium
1167 2885 1247 2942 reale
1271 2884 1370 2940 Brom-

201 2989 357 3064 bergense.
406 2991 541 3047 Examen
566 2990 732 3066 rigorosum
756 2989 895 3071 superavi
919 2990 948 3048 d.
975 3009 1043 3063 om.
1067 2992 1123 3065 Jul.
1145 3011 1171 3050 a.
1202 2993 1294 3066 1898.

308 3097 333 3153 E
357 3096 584 3171 prolessoribus,
610 3115 686 3173 quos
703 3107 783 3166 tunc,
811 3115 878 3153 com
903 3097 1069 3165 studebam,
1091 3098 1201 3168 audivi,
1227 3098 1371 3173 imprimis

201 3202 254 3260 viri
279 3203 454 3272 doctissimi,
480 3203 532 3279 qui
556 3204 656 3263 Kiliae
673 3204 831 3274 florebant,
856 3205 961 3272 Bruns,
987 3204 1071 3260 Blass
1087 3202 1178 3278 (nunc
1196 3205 1370 3281 Hallensis),

202 3311 415 3368 Klostermann
433 3312 511 3369 bene
523 3311 561 3370 de
578 3329 626 3369 me
642 3311 740 3370 meriti
757 3321 833 3370 sunt.
882 3309 999 3384 Quibus
1016 3329 1107 3383 quam
1125 3312 1216 3369 multa
1233 3312 1370 3380 debeam,

201 3435 268 3474 eum
304 3416 367 3492 ipse
404 3419 511 3488 doceo,
544 3418 720 3494 saepissime
744 3419 920 3477 admoneor.
968 3419 1074 3492 ltaque
1101 3417 1146 3474 his
1170 3417 1239 3476 viris
1262 3419 1371 3492 gratias

201 3541 260 3599 ago
284 3543 461 3600 semperque
493 3525 613 3584 habebo
645 3545 735 3600 quam
767 3525 922 3584 maximas.
970 3527 1093 3583 Ivonem
1117 3526 1212 3582 Bruns
1241 3525 1369 3601 insuper,

201 3642 232 3689 ut
273 3632 325 3688 has
358 3632 550 3706 quaestiones
581 3644 749 3702 tractarem,
775 3633 814 3691 ad
854 3652 928 3708 quas
963 3632 1129 3708 tangendas
1169 3632 1239 3690 olim
1279 3633 1370 3708 patris

201 3738 300 3796 studia
323 3741 490 3797 Annaeana
514 3759 562 3798 me
586 3740 783 3809 adduxerunt,
816 3760 897 3799 nunc
930 3759 977 3798 me
1001 3739 1171 3797 incitavisse
1195 3749 1224 3796 et
1247 3739 1276 3795 in
1301 3757 1370 3796 con-

201 3845 333 3903 ficiendo
364 3847 422 3904 hoc
453 3849 599 3923 opusculo
629 3867 783 3922 nunquam
815 3848 887 3904 mihi
917 3847 1046 3905 defuisse
1069 3857 1155 3920 grato
1180 3846 1281 3904 animo
1305 3864 1370 3921 pro-

201 3953 295 4011 fiteor.
