<?xml version="1.0" encoding="UTF-8"?>
<!DOCTYPE html PUBLIC "-//W3C//DTD XHTML 1.0 Transitional//EN"
    "http://www.w3.org/TR/xhtml1/DTD/xhtml1-transitional.dtd">
<html xmlns="http://www.w3.org/1999/xhtml" xml:lang="en" lang="en">
 <head>
  <title>
</title>
<meta http-equiv="Content-Type" content="text/html;charset=utf-8" />
  <meta name='ocr-system' content='tesseract 3.04.00' />
  <meta name='ocr-capabilities' content='ocr_page ocr_carea ocr_par ocr_line ocrx_word'/>
</head>
<body>
  <div class='ocr_page' id='page_1' title='image "./quaestionesanna00hessgoog_0015.png"; bbox 0 0 3492 5508; ppageno 0'>
   <div class='ocr_carea' id='block_1_1' title="bbox 891 389 1089 448">
    <p class='ocr_par' dir='ltr' id='par_1_1' title="bbox 891 389 1089 448">
     <span class='ocr_line' id='line_1_1' title="bbox 891 389 1089 448; baseline 0.005 -18"><span class='ocrx_word' id='word_1_1' title='bbox 891 389 1089 448; x_wconf 72' lang='lat'><em>-5-</em></span> 
     </span>
    </p>
   </div>
   <div class='ocr_carea' id='block_1_2' title="bbox 406 567 1580 1952">
    <p class='ocr_par' dir='ltr' id='par_1_2' title="bbox 406 567 1577 1303">
     <span class='ocr_line' id='line_1_2' title="bbox 406 567 1574 661; baseline -0.002 -19"><span class='ocrx_word' id='word_1_2' title='bbox 406 586 515 643; x_wconf 88' lang='lat' dir='ltr'><em>Severo</em></span> <span class='ocrx_word' id='word_1_3' title='bbox 540 604 607 642; x_wconf 93' lang='lat' dir='ltr'><em>cum</em></span> <span class='ocrx_word' id='word_1_4' title='bbox 634 585 743 643; x_wconf 91' lang='lat' dir='ltr'><em>balneo</em></span> <span class='ocrx_word' id='word_1_5' title='bbox 767 585 890 661; x_wconf 92' lang='lat' dir='ltr'><em>publico</em></span> <span class='ocrx_word' id='word_1_6' title='bbox 919 603 985 642; x_wconf 88' lang='lat' dir='ltr'><em>eam</em></span> <span class='ocrx_word' id='word_1_7' title='bbox 1015 602 1192 660; x_wconf 89' lang='lat' dir='ltr'><em>comparare</em></span> <span class='ocrx_word' id='word_1_8' title='bbox 1219 583 1342 642; x_wconf 85' lang='lat' dir='ltr'>licuerit.</span> <span class='ocrx_word' id='word_1_9' title='bbox 1390 567 1472 642; x_wconf 83' lang='lat' dir='ltr'><em>luter</em></span> <span class='ocrx_word' id='word_1_10' title='bbox 1495 583 1574 642; x_wconf 88' lang='lat' dir='ltr'>Cesti</span> 
     </span>
     <span class='ocr_line' id='line_1_3' title="bbox 406 692 1023 767; baseline 0 -19"><span class='ocrx_word' id='word_1_11' title='bbox 406 692 570 767; x_wconf 84' lang='lat' dir='ltr'><em>discipulos</em></span> <span class='ocrx_word' id='word_1_12' title='bbox 595 711 685 767; x_wconf 91' lang='lat' dir='ltr'><em>porro</em></span> <span class='ocrx_word' id='word_1_13' title='bbox 710 692 764 750; x_wconf 82' lang='lat' dir='ltr'><em>fuit</em></span> <span class='ocrx_word' id='word_1_14' title='bbox 787 693 883 750; x_wconf 88' lang='lat' dir='ltr'><em>Alfius</em></span> <span class='ocrx_word' id='word_1_15' title='bbox 907 693 1023 760; x_wconf 72' lang='lat' dir='ltr'><em>Flavus</em></span> 
     </span>
     <span class='ocr_line' id='line_1_4' title="bbox 494 801 1577 876; baseline 0.003 -20"><span class='ocrx_word' id='word_1_16' title='bbox 494 801 546 874; x_wconf 86' lang='lat' dir='ltr'><em>qui</em></span> <span class='ocrx_word' id='word_1_17' title='bbox 560 817 620 856; x_wconf 84' lang='lat' dir='ltr'><em>cunr</em></span> <span class='ocrx_word' id='word_1_18' title='bbox 631 807 830 875; x_wconf 82' lang='lat' dir='ltr'><em>praetextatus</em></span> <span class='ocrx_word' id='word_1_19' title='bbox 845 808 920 869; x_wconf 87' lang='lat' dir='ltr'><em>esset,</em></span> <span class='ocrx_word' id='word_1_20' title='bbox 937 807 1031 857; x_wconf 89' lang='lat' dir='ltr'><em>tantae</em></span> <span class='ocrx_word' id='word_1_21' title='bbox 1053 801 1190 875; x_wconf 79' lang='lat' dir='ltr'><em>opinionis</em></span> <span class='ocrx_word' id='word_1_22' title='bbox 1196 801 1269 875; x_wconf 79' lang='lat' dir='ltr'><em>furt,</em></span> <span class='ocrx_word' id='word_1_23' title='bbox 1286 807 1319 856; x_wconf 92' lang='lat' dir='ltr'><em>ut</em></span> <span class='ocrx_word' id='word_1_24' title='bbox 1325 801 1430 876; x_wconf 91' lang='lat' dir='ltr'><em>populo</em></span> <span class='ocrx_word' id='word_1_25' title='bbox 1445 801 1577 859; x_wconf 88' lang='lat' dir='ltr'><em>Romano</em></span> 
     </span>
     <span class='ocr_line' id='line_1_5' title="bbox 488 908 1575 982; baseline 0.002 -19"><span class='ocrx_word' id='word_1_26' title='bbox 488 915 564 982; x_wconf 86' lang='lat' dir='ltr'><em>puer</em></span> <span class='ocrx_word' id='word_1_27' title='bbox 578 908 732 982; x_wconf 78' lang='lat' dir='ltr'><em>eloquentia</em></span> <span class='ocrx_word' id='word_1_28' title='bbox 749 916 830 965; x_wconf 87' lang='lat' dir='ltr'><em>notus</em></span> <span class='ocrx_word' id='word_1_29' title='bbox 852 915 1028 982; x_wconf 85' lang='lat' dir='ltr'><em>esset27,15</em></span> <span class='ocrx_word' id='word_1_30' title='bbox 1055 914 1133 964; x_wconf 83' lang='lat' dir='ltr'><em>tanto</em></span> <span class='ocrx_word' id='word_1_31' title='bbox 1155 925 1287 965; x_wconf 85' lang='lat' dir='ltr'><em>concursu</em></span> <span class='ocrx_word' id='word_1_32' title='bbox 1317 908 1461 966; x_wconf 78' lang='lat' dir='ltr'><em>hominnm</em></span> <span class='ocrx_word' id='word_1_33' title='bbox 1484 909 1575 965; x_wconf 87' lang='lat' dir='ltr'><em>audie-</em></span> 
     </span>
     <span class='ocr_line' id='line_1_6' title="bbox 424 1014 1430 1090; baseline 0.002 -20"><span class='ocrx_word' id='word_1_34' title='bbox 424 1045 426 1050; x_wconf 95' lang='lat'>·</span> <span class='ocrx_word' id='word_1_35' title='bbox 494 1015 588 1083; x_wconf 73' lang='lat' dir='ltr'><em>bertar,</em></span> <span class='ocrx_word' id='word_1_36' title='bbox 613 1022 645 1071; x_wconf 91' lang='lat' dir='ltr'><em>nt</em></span> <span class='ocrx_word' id='word_1_37' title='bbox 665 1033 736 1072; x_wconf 92' lang='lat' dir='ltr'><em>raro</em></span> <span class='ocrx_word' id='word_1_38' title='bbox 759 1015 875 1071; x_wconf 78' lang='lat' dir='ltr'><em>aurteret</em></span> <span class='ocrx_word' id='word_1_39' title='bbox 889 1021 956 1090; x_wconf 92' lang='lat' dir='ltr'><em>post</em></span> <span class='ocrx_word' id='word_1_40' title='bbox 977 1015 1056 1072; x_wconf 80' lang='lat' dir='ltr'><em>ullam</em></span> <span class='ocrx_word' id='word_1_41' title='bbox 1085 1014 1191 1072; x_wconf 80' lang='lat' dir='ltr'><em>Cestius</em></span> <span class='ocrx_word' id='word_1_42' title='bbox 1213 1015 1300 1072; x_wconf 84' lang='lat' dir='ltr'><em>dicere</em></span> <span class='ocrx_word' id='word_1_43' title='bbox 1326 1017 1430 1087; x_wconf 85' lang='lat'>27,18,</span> 
     </span>
     <span class='ocr_line' id='line_1_7' title="bbox 407 1121 1575 1196; baseline 0.003 -19"><span class='ocrx_word' id='word_1_44' title='bbox 407 1122 445 1178; x_wconf 91' lang='lat' dir='ltr'><em>ad</em></span> <span class='ocrx_word' id='word_1_45' title='bbox 470 1139 559 1194; x_wconf 90' lang='lat' dir='ltr'><em>quem</em></span> <span class='ocrx_word' id='word_1_46' title='bbox 583 1121 764 1179; x_wconf 87' lang='lat' dir='ltr'><em>audiendum</em></span> <span class='ocrx_word' id='word_1_47' title='bbox 785 1123 929 1180; x_wconf 85' lang='lat' dir='ltr'>Senecam</span> <span class='ocrx_word' id='word_1_48' title='bbox 955 1139 1075 1196; x_wconf 89' lang='lat' dir='ltr'><em>quoque</em></span> <span class='ocrx_word' id='word_1_49' title='bbox 1100 1122 1180 1178; x_wconf 88' lang='lat' dir='ltr'><em>fama</em></span> <span class='ocrx_word' id='word_1_50' title='bbox 1204 1121 1341 1196; x_wconf 87' lang='lat' dir='ltr'><em>perduxit</em></span> <span class='ocrx_word' id='word_1_51' title='bbox 1368 1141 1472 1195; x_wconf 84' lang='lat'>27.14.</span> <span class='ocrx_word' id='word_1_52' title='bbox 1509 1123 1575 1180; x_wconf 87' lang='lat' dir='ltr'><em>Sae-</em></span> 
     </span>
     <span class='ocr_line' id='line_1_8' title="bbox 407 1217 1384 1303; baseline 0.001 -19"><span class='ocrx_word' id='word_1_53' title='bbox 407 1228 471 1303; x_wconf 85' lang='lat' dir='ltr'><em>pius</em></span> <span class='ocrx_word' id='word_1_54' title='bbox 496 1239 592 1286; x_wconf 91' lang='lat' dir='ltr'><em>autem</em></span> <span class='ocrx_word' id='word_1_55' title='bbox 618 1229 697 1286; x_wconf 89' lang='lat' dir='ltr'><em>bunc</em></span> <span class='ocrx_word' id='word_1_56' title='bbox 722 1229 752 1286; x_wconf 92' lang='lat' dir='ltr'><em>in</em></span> <span class='ocrx_word' id='word_1_57' title='bbox 777 1217 858 1287; x_wconf 81' lang='lat' dir='ltr'><em>Cesti</em></span> <span class='ocrx_word' id='word_1_58' title='bbox 882 1229 986 1286; x_wconf 86' lang='lat' dir='ltr'><em>schola</em></span> <span class='ocrx_word' id='word_1_59' title='bbox 1009 1228 1139 1286; x_wconf 80' lang='lat' dir='ltr'>adfuisse</span> <span class='ocrx_word' id='word_1_60' title='bbox 1164 1228 1234 1285; x_wconf 90' lang='lat' dir='ltr'><em>satis</em></span> <span class='ocrx_word' id='word_1_61' title='bbox 1258 1237 1384 1286; x_wconf 90' lang='lat' dir='ltr'><em>constat.</em></span> 
     </span>
    </p>

    <p class='ocr_par' dir='ltr' id='par_1_3' title="bbox 406 1331 1580 1625">
     <span class='ocr_line' id='line_1_9' title="bbox 515 1331 1580 1417; baseline 0.002 -25"><span class='ocrx_word' id='word_1_62' title='bbox 515 1337 550 1392; x_wconf 84' lang='lat' dir='ltr'><em>Et</em></span> <span class='ocrx_word' id='word_1_63' title='bbox 567 1335 703 1405; x_wconf 91' lang='lat' dir='ltr'><em>Ovidius,</em></span> <span class='ocrx_word' id='word_1_64' title='bbox 722 1336 771 1411; x_wconf 88' lang='lat' dir='ltr'><em>qui</em></span> <span class='ocrx_word' id='word_1_65' title='bbox 791 1336 883 1394; x_wconf 89' lang='lat' dir='ltr'><em>Arelli</em></span> <span class='ocrx_word' id='word_1_66' title='bbox 906 1335 1024 1392; x_wconf 81' lang='lat' dir='ltr'>auditor</span> <span class='ocrx_word' id='word_1_67' title='bbox 1050 1331 1242 1417; x_wconf 83' lang='lat' dir='ltr'><em>suit(133,9)</em></span> <span class='ocrx_word' id='word_1_68' title='bbox 1269 1336 1404 1394; x_wconf 85' lang='lat' dir='ltr'><em>Latronis</em></span> <span class='ocrx_word' id='word_1_69' title='bbox 1419 1337 1580 1396; x_wconf 81' lang='lat' dir='ltr'><em>admirator</em></span> 
     </span>
     <span class='ocr_line' id='line_1_10' title="bbox 406 1444 1577 1517; baseline 0.003 -19"><span class='ocrx_word' id='word_1_70' title='bbox 406 1450 471 1499; x_wconf 85' lang='lat' dir='ltr'><em>erut</em></span> <span class='ocrx_word' id='word_1_71' title='bbox 496 1463 531 1516; x_wconf 90' lang='lat'><em>13</em></span> <span class='ocrx_word' id='word_1_72' title='bbox 538 1463 621 1517; x_wconf 85' lang='lat'>3‚10.</span> <span class='ocrx_word' id='word_1_73' title='bbox 647 1444 716 1502; x_wconf 91' lang='lat' dir='ltr'><em>adeo</em></span> <span class='ocrx_word' id='word_1_74' title='bbox 739 1451 831 1502; x_wconf 88' lang='lat' dir='ltr'><em>auteur</em></span> <span class='ocrx_word' id='word_1_75' title='bbox 854 1445 972 1501; x_wconf 85' lang='lat' dir='ltr'><em>studiose</em></span> <span class='ocrx_word' id='word_1_76' title='bbox 995 1444 1148 1501; x_wconf 86' lang='lat' dir='ltr'><em>Latronem</em></span> <span class='ocrx_word' id='word_1_77' title='bbox 1180 1444 1280 1512; x_wconf 82' lang='lat' dir='ltr'><em>audiit,</em></span> <span class='ocrx_word' id='word_1_78' title='bbox 1317 1451 1350 1502; x_wconf 88' lang='lat' dir='ltr'><em>ut</em></span> <span class='ocrx_word' id='word_1_79' title='bbox 1377 1444 1480 1502; x_wconf 89' lang='lat' dir='ltr'><em>multas</em></span> <span class='ocrx_word' id='word_1_80' title='bbox 1502 1446 1577 1502; x_wconf 88' lang='lat' dir='ltr'><em>illins</em></span> 
     </span>
     <span class='ocr_line' id='line_1_11' title="bbox 407 1550 1166 1625; baseline 0 -19"><span class='ocrx_word' id='word_1_81' title='bbox 407 1551 556 1606; x_wconf 80' lang='lat' dir='ltr'><em>sententias</em></span> <span class='ocrx_word' id='word_1_82' title='bbox 578 1552 608 1606; x_wconf 89' lang='lat' dir='ltr'><em>in</em></span> <span class='ocrx_word' id='word_1_83' title='bbox 631 1569 727 1608; x_wconf 85' lang='lat' dir='ltr'><em>versas</em></span> <span class='ocrx_word' id='word_1_84' title='bbox 749 1570 814 1608; x_wconf 89' lang='lat' dir='ltr'><em>snos</em></span> <span class='ocrx_word' id='word_1_85' title='bbox 837 1550 1016 1607; x_wconf 80' lang='lat' dir='ltr'><em>transtulerit</em></span> <span class='ocrx_word' id='word_1_86' title='bbox 1041 1569 1166 1625; x_wconf 80' lang='lat'>133,13.</span> 
     </span>
    </p>

    <p class='ocr_par' dir='ltr' id='par_1_4' title="bbox 409 1657 1576 1952">
     <span class='ocr_line' id='line_1_12' title="bbox 517 1657 1576 1729; baseline 0.001 -16"><span class='ocrx_word' id='word_1_87' title='bbox 517 1659 587 1729; x_wconf 86' lang='lat' dir='ltr'><em>Quo</em></span> <span class='ocrx_word' id='word_1_88' title='bbox 623 1678 692 1715; x_wconf 89' lang='lat' dir='ltr'><em>vero</em></span> <span class='ocrx_word' id='word_1_89' title='bbox 729 1659 798 1715; x_wconf 88' lang='lat' dir='ltr'><em>loeo</em></span> <span class='ocrx_word' id='word_1_90' title='bbox 822 1661 984 1716; x_wconf 84' lang='lat' dir='ltr'><em>Latronem</em></span> <span class='ocrx_word' id='word_1_91' title='bbox 1021 1657 1115 1715; x_wconf 86' lang='lat' dir='ltr'><em>audiit</em></span> <span class='ocrx_word' id='word_1_92' title='bbox 1152 1657 1209 1714; x_wconf 93' lang='lat' dir='ltr'><em>nisi</em></span> <span class='ocrx_word' id='word_1_93' title='bbox 1245 1657 1275 1714; x_wconf 89' lang='lat' dir='ltr'><em>in</em></span> <span class='ocrx_word' id='word_1_94' title='bbox 1311 1658 1373 1714; x_wconf 91' lang='lat' dir='ltr'><em>eius</em></span> <span class='ocrx_word' id='word_1_95' title='bbox 1397 1657 1511 1725; x_wconf 89' lang='lat' dir='ltr'><em>schola,</em></span> <span class='ocrx_word' id='word_1_96' title='bbox 1547 1657 1576 1714; x_wconf 89' lang='lat' dir='ltr'><em>iu</em></span> 
     </span>
     <span class='ocr_line' id='line_1_13' title="bbox 409 1763 1576 1841; baseline -0.001 -19"><span class='ocrx_word' id='word_1_97' title='bbox 409 1783 497 1838; x_wconf 71' lang='lat' dir='ltr'><em>(luam</em></span> <span class='ocrx_word' id='word_1_98' title='bbox 521 1767 665 1824; x_wconf 82' lang='lat' dir='ltr'><em>Senecam</em></span> <span class='ocrx_word' id='word_1_99' title='bbox 691 1785 811 1840; x_wconf 69' lang='lat' dir='ltr'><em>quiaque</em></span> <span class='ocrx_word' id='word_1_100' title='bbox 846 1765 965 1841; x_wconf 88' lang='lat' dir='ltr'><em>saepius</em></span> <span class='ocrx_word' id='word_1_101' title='bbox 1001 1764 1127 1831; x_wconf 89' lang='lat' dir='ltr'><em>venisse,</em></span> <span class='ocrx_word' id='word_1_102' title='bbox 1163 1764 1211 1822; x_wconf 89' lang='lat' dir='ltr'><em>vix</em></span> <span class='ocrx_word' id='word_1_103' title='bbox 1245 1763 1405 1838; x_wconf 90' lang='lat' dir='ltr'><em>quisquam</em></span> <span class='ocrx_word' id='word_1_104' title='bbox 1430 1763 1576 1839; x_wconf 83' lang='lat' dir='ltr'><em>negabit?</em></span> 
     </span>
     <span class='ocr_line' id='line_1_14' title="bbox 410 1872 978 1952; baseline 0.004 -24"><span class='ocrx_word' id='word_1_105' title='bbox 410 1873 460 1952; x_wconf 68' lang='grc' dir='ltr'><em>’ὓς</em></span> <span class='ocrx_word' id='word_1_106' title='bbox 481 1873 587 1930; x_wconf 90' lang='lat' dir='ltr'><em>eodem</em></span> <span class='ocrx_word' id='word_1_107' title='bbox 612 1872 723 1930; x_wconf 81' lang='lat' dir='ltr'>Ouidio</span> <span class='ocrx_word' id='word_1_108' title='bbox 750 1873 822 1930; x_wconf 90' lang='lat' dir='ltr'><em>dicit</em></span> <span class='ocrx_word' id='word_1_109' title='bbox 846 1875 978 1948; x_wconf 58' lang='lat' dir='ltr'><em>Seneca}</em></span> 
     </span>
    </p>
   </div>
   <div class='ocr_carea' id='block_1_3' title="bbox 498 1979 1576 2053">
    <p class='ocr_par' dir='ltr' id='par_1_5' title="bbox 498 1979 1576 2053">
     <span class='ocr_line' id='line_1_15' title="bbox 498 1979 1576 2053; baseline -0.001 -17"><span class='ocrx_word' id='word_1_110' title='bbox 498 1987 562 2036; x_wconf 87' lang='lat' dir='ltr'><em>tunc</em></span> <span class='ocrx_word' id='word_1_111' title='bbox 595 1988 697 2049; x_wconf 85' lang='lat' dir='ltr'><em>autem,</em></span> <span class='ocrx_word' id='word_1_112' title='bbox 734 1998 793 2037; x_wconf 83' lang='lat' dir='ltr'><em>rum</em></span> <span class='ocrx_word' id='word_1_113' title='bbox 817 1980 945 2050; x_wconf 79' lang='lat' dir='ltr'><em>studeret,</em></span> <span class='ocrx_word' id='word_1_114' title='bbox 981 1981 1138 2038; x_wconf 84' lang='lat' dir='ltr'><em>trahebatur</em></span> <span class='ocrx_word' id='word_1_115' title='bbox 1170 1981 1256 2037; x_wconf 85' lang='lat' dir='ltr'><em>bonus</em></span> <span class='ocrx_word' id='word_1_116' title='bbox 1278 1979 1448 2037; x_wconf 86' lang='lat' dir='ltr'><em>declamator</em></span> <span class='ocrx_word' id='word_1_117' title='bbox 1474 1981 1576 2053; x_wconf 86' lang='lat'>134,8,</span> 
     </span>
    </p>
   </div>
   <div class='ocr_carea' id='block_1_4' title="bbox 410 2081 1579 3127">
    <p class='ocr_par' dir='ltr' id='par_1_6' title="bbox 410 2081 1290 2168">
     <span class='ocr_line' id='line_1_16' title="bbox 410 2081 1290 2168; baseline 0.005 -25"><span class='ocrx_word' id='word_1_118' title='bbox 410 2086 447 2144; x_wconf 93' lang='lat' dir='ltr'><em>de</em></span> <span class='ocrx_word' id='word_1_119' title='bbox 473 2087 591 2162; x_wconf 89' lang='lat' dir='ltr'><em>Papirio</em></span> <span class='ocrx_word' id='word_1_120' title='bbox 616 2087 752 2145; x_wconf 88' lang='lat' dir='ltr'><em>Fabiano</em></span> <span class='ocrx_word' id='word_1_121' title='bbox 777 2087 846 2145; x_wconf 90' lang='lat' dir='ltr'><em>item</em></span> <span class='ocrx_word' id='word_1_122' title='bbox 871 2087 963 2144; x_wconf 82' lang='lat' dir='ltr'><em>Arelli</em></span> <span class='ocrx_word' id='word_1_123' title='bbox 988 2087 1124 2145; x_wconf 91' lang='lat' dir='ltr'><em>auditore</em></span> <span class='ocrx_word' id='word_1_124' title='bbox 1147 2081 1290 2168; x_wconf 77' lang='lat'>(102,7):</span> 
     </span>
    </p>

    <p class='ocr_par' dir='ltr' id='par_1_7' title="bbox 499 2193 1579 2269">
     <span class='ocr_line' id='line_1_17' title="bbox 499 2193 1579 2269; baseline 0 -20"><span class='ocrx_word' id='word_1_125' title='bbox 499 2194 655 2251; x_wconf 79' lang='lat' dir='ltr'><em>adulescens</em></span> <span class='ocrx_word' id='word_1_126' title='bbox 689 2195 840 2252; x_wconf 87' lang='lat' dir='ltr'><em>admodum</em></span> <span class='ocrx_word' id='word_1_127' title='bbox 876 2202 972 2252; x_wconf 80' lang='lat' dir='ltr'><em>tantae</em></span> <span class='ocrx_word' id='word_1_128' title='bbox 1010 2195 1148 2269; x_wconf 86' lang='lat' dir='ltr'><em>opinionis</em></span> <span class='ocrx_word' id='word_1_129' title='bbox 1180 2195 1210 2250; x_wconf 93' lang='lat' dir='ltr'><em>in</em></span> <span class='ocrx_word' id='word_1_130' title='bbox 1244 2193 1424 2251; x_wconf 83' lang='lat' dir='ltr'><em>declamando</em></span> <span class='ocrx_word' id='word_1_131' title='bbox 1455 2200 1579 2268; x_wconf 77' lang='lat' dir='ltr'><em>queantur</em></span> 
     </span>
    </p>

    <p class='ocr_par' dir='ltr' id='par_1_8' title="bbox 491 2301 1040 2376">
     <span class='ocr_line' id='line_1_18' title="bbox 491 2301 1040 2376; baseline 0.004 -19"><span class='ocrx_word' id='word_1_132' title='bbox 491 2308 589 2376; x_wconf 88' lang='lat' dir='ltr'><em>postea</em></span> <span class='ocrx_word' id='word_1_133' title='bbox 613 2302 642 2358; x_wconf 88' lang='lat' dir='ltr'><em>iu</em></span> <span class='ocrx_word' id='word_1_134' title='bbox 665 2301 832 2376; x_wconf 80' lang='lat' dir='ltr'><em>‹iripntoudo</em></span> <span class='ocrx_word' id='word_1_135' title='bbox 847 2301 913 2376; x_wconf 86' lang='lat' dir='ltr'><em>suit</em></span> <span class='ocrx_word' id='word_1_136' title='bbox 939 2321 1007 2369; x_wconf 79' lang='lat'><strong>102,</strong></span> <span class='ocrx_word' id='word_1_137' title='bbox 1014 2318 1040 2376; x_wconf 89' lang='lat'><em>5.</em></span> 
     </span>
    </p>

    <p class='ocr_par' dir='ltr' id='par_1_9' title="bbox 410 2407 1579 3127">
     <span class='ocr_line' id='line_1_19' title="bbox 477 2407 1577 2483; baseline 0.001 -20"><span class='ocrx_word' id='word_1_138' title='bbox 477 2433 479 2438; x_wconf 95' lang='lat'>·</span> <span class='ocrx_word' id='word_1_139' title='bbox 517 2407 658 2466; x_wconf 77' lang='lat' dir='ltr'><em>Similiter</em></span> <span class='ocrx_word' id='word_1_140' title='bbox 681 2408 769 2482; x_wconf 79' lang='lat' dir='ltr'><em>igitur</em></span> <span class='ocrx_word' id='word_1_141' title='bbox 792 2418 882 2483; x_wconf 88' lang='lat' dir='ltr'><em>atque</em></span> <span class='ocrx_word' id='word_1_142' title='bbox 906 2409 963 2465; x_wconf 78' lang='lat' dir='ltr'><em>Alfi</em></span> <span class='ocrx_word' id='word_1_143' title='bbox 988 2407 1071 2464; x_wconf 87' lang='lat' dir='ltr'><em>Flavi</em></span> <span class='ocrx_word' id='word_1_144' title='bbox 1095 2408 1200 2466; x_wconf 90' lang='lat' dir='ltr'><em>horum</em></span> <span class='ocrx_word' id='word_1_145' title='bbox 1234 2423 1355 2482; x_wconf 89' lang='lat' dir='ltr'><em>quoque</em></span> <span class='ocrx_word' id='word_1_146' title='bbox 1379 2407 1467 2466; x_wconf 88' lang='lat' dir='ltr'><em>Fusci</em></span> <span class='ocrx_word' id='word_1_147' title='bbox 1497 2407 1577 2465; x_wconf 87' lang='lat' dir='ltr'><em>audi·</em></span> 
     </span>
     <span class='ocr_line' id='line_1_20' title="bbox 410 2514 1578 2589; baseline -0.001 -17"><span class='ocrx_word' id='word_1_148' title='bbox 410 2525 505 2572; x_wconf 91' lang='lat' dir='ltr'><em>torum</em></span> <span class='ocrx_word' id='word_1_149' title='bbox 532 2515 766 2572; x_wconf 79' lang='lat' dir='ltr'><em>declamationes</em></span> <span class='ocrx_word' id='word_1_150' title='bbox 791 2514 815 2571; x_wconf 88' lang='lat' dir='ltr'><em>si</em></span> <span class='ocrx_word' id='word_1_151' title='bbox 839 2533 900 2572; x_wconf 91' lang='lat' dir='ltr'><em>non</em></span> <span class='ocrx_word' id='word_1_152' title='bbox 918 2515 1030 2589; x_wconf 90' lang='lat' dir='ltr'><em>populo</em></span> <span class='ocrx_word' id='word_1_153' title='bbox 1048 2515 1189 2572; x_wconf 91' lang='lat' dir='ltr'><em>Romano</em></span> <span class='ocrx_word' id='word_1_154' title='bbox 1213 2527 1313 2572; x_wconf 86' lang='lat' dir='ltr'><em>tamen</em></span> <span class='ocrx_word' id='word_1_155' title='bbox 1338 2525 1420 2572; x_wconf 89' lang='lat' dir='ltr'><em>extra</em></span> <span class='ocrx_word' id='word_1_156' title='bbox 1443 2515 1578 2572; x_wconf 87' lang='lat' dir='ltr'><em>scholam</em></span> 
     </span>
     <span class='ocr_line' id='line_1_21' title="bbox 411 2621 1578 2696; baseline -0.001 -17"><span class='ocrx_word' id='word_1_157' title='bbox 411 2632 499 2679; x_wconf 89' lang='lat' dir='ltr'><em>notae</em></span> <span class='ocrx_word' id='word_1_158' title='bbox 525 2633 618 2690; x_wconf 89' lang='lat' dir='ltr'><em>erant,</em></span> <span class='ocrx_word' id='word_1_159' title='bbox 644 2641 735 2696; x_wconf 88' lang='lat' dir='ltr'><em>quare</em></span> <span class='ocrx_word' id='word_1_160' title='bbox 773 2621 859 2678; x_wconf 89' lang='lat' dir='ltr'><em>huius</em></span> <span class='ocrx_word' id='word_1_161' title='bbox 883 2640 1006 2696; x_wconf 80' lang='lat' dir='ltr'><em>qtroque</em></span> <span class='ocrx_word' id='word_1_162' title='bbox 1034 2621 1168 2678; x_wconf 89' lang='lat' dir='ltr'><em>scholam</em></span> <span class='ocrx_word' id='word_1_163' title='bbox 1193 2623 1306 2696; x_wconf 87' lang='lat' dir='ltr'><em>populo</em></span> <span class='ocrx_word' id='word_1_164' title='bbox 1331 2621 1461 2696; x_wconf 88' lang='lat' dir='ltr'><em>patuisse</em></span> <span class='ocrx_word' id='word_1_165' title='bbox 1485 2621 1578 2680; x_wconf 89' lang='lat' dir='ltr'><em>credi-</em></span> 
     </span>
     <span class='ocr_line' id='line_1_22' title="bbox 411 2728 1578 2804; baseline 0 -18"><span class='ocrx_word' id='word_1_166' title='bbox 411 2728 515 2786; x_wconf 89' lang='lat' dir='ltr'><em>derim.</em></span> <span class='ocrx_word' id='word_1_167' title='bbox 565 2731 679 2786; x_wconf 86' lang='lat' dir='ltr'><em>Seneca</em></span> <span class='ocrx_word' id='word_1_168' title='bbox 704 2740 782 2786; x_wconf 87' lang='lat' dir='ltr'><em>certe</em></span> <span class='ocrx_word' id='word_1_169' title='bbox 800 2729 942 2787; x_wconf 90' lang='lat' dir='ltr'><em>Ovidium</em></span> <span class='ocrx_word' id='word_1_170' title='bbox 962 2728 1096 2787; x_wconf 90' lang='lat' dir='ltr'><em>meminit</em></span> <span class='ocrx_word' id='word_1_171' title='bbox 1114 2729 1336 2786; x_wconf 86' lang='lat' dir='ltr'><em>declamantem</em></span> <span class='ocrx_word' id='word_1_172' title='bbox 1353 2731 1432 2804; x_wconf 91' lang='lat' dir='ltr'><em>apud</em></span> <span class='ocrx_word' id='word_1_173' title='bbox 1450 2730 1578 2786; x_wconf 85' lang='lat' dir='ltr'><em>Fuscum</em></span> 
     </span>
     <span class='ocr_line' id='line_1_23' title="bbox 410 2825 1578 2912; baseline 0 -20"><span class='ocrx_word' id='word_1_174' title='bbox 410 2835 677 2912; x_wconf 83' lang='lat'>(133‚8—-134,8)</span> <span class='ocrx_word' id='word_1_175' title='bbox 713 2837 870 2911; x_wconf 90' lang='lat' dir='ltr'><em>ipsumque</em></span> <span class='ocrx_word' id='word_1_176' title='bbox 907 2835 1048 2893; x_wconf 86' lang='lat' dir='ltr'><em>Arellium</em></span> <span class='ocrx_word' id='word_1_177' title='bbox 1085 2825 1304 2893; x_wconf 84' lang='lat' dir='ltr'><em>declamantem</em></span> <span class='ocrx_word' id='word_1_178' title='bbox 1338 2846 1367 2894; x_wconf 91' lang='lat' dir='ltr'><em>et</em></span> <span class='ocrx_word' id='word_1_179' title='bbox 1401 2836 1512 2894; x_wconf 90' lang='lat' dir='ltr'><em>deinde</em></span> <span class='ocrx_word' id='word_1_180' title='bbox 1548 2835 1578 2892; x_wconf 93' lang='lat' dir='ltr'><em>in</em></span> 
     </span>
     <span class='ocr_line' id='line_1_24' title="bbox 411 2942 1579 3019; baseline 0 -19"><span class='ocrx_word' id='word_1_181' title='bbox 411 2943 588 3018; x_wconf 80' lang='lat' dir='ltr'><em>discipulum</em></span> <span class='ocrx_word' id='word_1_182' title='bbox 626 2943 787 3018; x_wconf 86' lang='lat' dir='ltr'><em>quendum,</em></span> <span class='ocrx_word' id='word_1_183' title='bbox 826 2943 877 3018; x_wconf 90' lang='lat' dir='ltr'><em>qui</em></span> <span class='ocrx_word' id='word_1_184' title='bbox 913 2943 1013 3019; x_wconf 89' lang='lat' dir='ltr'><em>inepte</em></span> <span class='ocrx_word' id='word_1_185' title='bbox 1049 2942 1220 3018; x_wconf 85' lang='lat' dir='ltr'><em>magistrum</em></span> <span class='ocrx_word' id='word_1_186' title='bbox 1247 2943 1377 3000; x_wconf 87' lang='lat' dir='ltr'><em>imitatus</em></span> <span class='ocrx_word' id='word_1_187' title='bbox 1402 2954 1473 3013; x_wconf 89' lang='lat' dir='ltr'><em>erat,</em></span> <span class='ocrx_word' id='word_1_188' title='bbox 1499 2943 1579 3000; x_wconf 87' lang='lat' dir='ltr'><em>inve·</em></span> 
     </span>
     <span class='ocr_line' id='line_1_25' title="bbox 411 3051 778 3127; baseline 0.008 -21"><span class='ocrx_word' id='word_1_189' title='bbox 411 3051 530 3109; x_wconf 91' lang='lat' dir='ltr'><em>hentem</em></span> <span class='ocrx_word' id='word_1_190' title='bbox 555 3051 648 3109; x_wconf 87' lang='lat' dir='ltr'><em>audiit</em></span> <span class='ocrx_word' id='word_1_191' title='bbox 674 3067 778 3127; x_wconf 86' lang='lat'>553,1.</span> 
     </span>
    </p>
   </div>
   <div class='ocr_carea' id='block_1_5' title="bbox 980 3277 1016 3334">
    <p class='ocr_par' dir='ltr' id='par_1_10' title="bbox 980 3277 1016 3334">
     <span class='ocr_line' id='line_1_26' title="bbox 980 3277 1016 3334; baseline 0 0"><span class='ocrx_word' id='word_1_192' title='bbox 980 3277 1016 3334; x_wconf 83' lang='lat'><em>5.</em></span> 
     </span>
    </p>
   </div>
   <div class='ocr_carea' id='block_1_6' title="bbox 411 3391 1580 4649">
    <p class='ocr_par' dir='ltr' id='par_1_11' title="bbox 411 3391 1580 4649">
     <span class='ocr_line' id='line_1_27' title="bbox 517 3391 1205 3466; baseline 0.003 -18"><span class='ocrx_word' id='word_1_193' title='bbox 517 3392 605 3449; x_wconf 90' lang='lat' dir='ltr'><em>Nune</em></span> <span class='ocrx_word' id='word_1_194' title='bbox 629 3391 840 3466; x_wconf 83' lang='lat' dir='ltr'><em>intelleguntur</em></span> <span class='ocrx_word' id='word_1_195' title='bbox 863 3393 954 3450; x_wconf 88' lang='lat' dir='ltr'><em>verba</em></span> <span class='ocrx_word' id='word_1_196' title='bbox 979 3393 1062 3450; x_wconf 87' lang='lat' dir='ltr'><em>Cassi</em></span> <span class='ocrx_word' id='word_1_197' title='bbox 1087 3393 1205 3450; x_wconf 90' lang='lat' dir='ltr'><em>Severi:</em></span> 
     </span>
     <span class='ocr_line' id='line_1_28' title="bbox 500 3499 1579 3575; baseline -0.002 -20"><span class='ocrx_word' id='word_1_198' title='bbox 500 3501 652 3565; x_wconf 71' lang='lat' dir='ltr'><em>llzssienus</em></span> <span class='ocrx_word' id='word_1_199' title='bbox 675 3507 767 3556; x_wconf 79' lang='lat' dir='ltr'><em>noster</em></span> <span class='ocrx_word' id='word_1_200' title='bbox 797 3517 857 3556; x_wconf 83' lang='lat' dir='ltr'><em>arm</em></span> <span class='ocrx_word' id='word_1_201' title='bbox 892 3502 976 3575; x_wconf 84' lang='lat' dir='ltr'><em>coepit</em></span> <span class='ocrx_word' id='word_1_202' title='bbox 996 3501 1091 3568; x_wconf 82' lang='lat' dir='ltr'><em>dicere,</em></span> <span class='ocrx_word' id='word_1_203' title='bbox 1126 3501 1273 3557; x_wconf 85' lang='lat' dir='ltr'><em>secundam</em></span> <span class='ocrx_word' id='word_1_204' title='bbox 1289 3501 1462 3575; x_wconf 84' lang='lat' dir='ltr'><em>principium</em></span> <span class='ocrx_word' id='word_1_205' title='bbox 1484 3499 1579 3554; x_wconf 89' lang='lat' dir='ltr'><em>statim</em></span> 
     </span>
     <span class='ocr_line' id='line_1_29' title="bbox 491 3607 1580 3682; baseline 0 -19"><span class='ocrx_word' id='word_1_206' title='bbox 491 3608 569 3682; x_wconf 78' lang='lat' dir='ltr'><em>fuga</em></span> <span class='ocrx_word' id='word_1_207' title='bbox 584 3608 634 3682; x_wconf 83' lang='lat' dir='ltr'><em>fit,</em></span> <span class='ocrx_word' id='word_1_208' title='bbox 659 3608 701 3664; x_wconf 89' lang='lat' dir='ltr'><em>ad</em></span> <span class='ocrx_word' id='word_1_209' title='bbox 719 3608 854 3682; x_wconf 76' lang='lat' dir='ltr'><em>epilogum</em></span> <span class='ocrx_word' id='word_1_210' title='bbox 889 3628 981 3665; x_wconf 89' lang='lat' dir='ltr'><em>omnes</em></span> <span class='ocrx_word' id='word_1_211' title='bbox 1016 3610 1192 3677; x_wconf 75' lang='lat' dir='ltr'><em>revertimur,</em></span> <span class='ocrx_word' id='word_1_212' title='bbox 1228 3609 1318 3665; x_wconf 78' lang='lat' dir='ltr'><em>media</em></span> <span class='ocrx_word' id='word_1_213' title='bbox 1347 3614 1456 3664; x_wconf 85' lang='lat' dir='ltr'><em>tantum</em></span> <span class='ocrx_word' id='word_1_214' title='bbox 1479 3607 1580 3682; x_wconf 77' lang='lat' dir='ltr'><em>quitus</em></span> 
     </span>
     <span class='ocr_line' id='line_1_30' title="bbox 499 3715 957 3782; baseline 0.009 -12"><span class='ocrx_word' id='word_1_215' title='bbox 499 3732 600 3771; x_wconf 83' lang='lat' dir='ltr'><em>necesse</em></span> <span class='ocrx_word' id='word_1_216' title='bbox 622 3723 662 3772; x_wconf 87' lang='lat' dir='ltr'><em>ost</em></span> <span class='ocrx_word' id='word_1_217' title='bbox 682 3715 806 3772; x_wconf 87' lang='lat' dir='ltr'><em>andiunt</em></span> <span class='ocrx_word' id='word_1_218' title='bbox 830 3717 957 3782; x_wconf 86' lang='lat'><em>208‚16.</em></span> 
     </span>
     <span class='ocr_line' id='line_1_31' title="bbox 518 3822 1578 3894; baseline 0.002 -16"><span class='ocrx_word' id='word_1_219' title='bbox 518 3822 604 3894; x_wconf 89' lang='lat' dir='ltr'><em>Quae</em></span> <span class='ocrx_word' id='word_1_220' title='bbox 627 3833 723 3879; x_wconf 88' lang='lat' dir='ltr'><em>utrum</em></span> <span class='ocrx_word' id='word_1_221' title='bbox 748 3823 786 3880; x_wconf 85' lang='lat' dir='ltr'><em>de</em></span> <span class='ocrx_word' id='word_1_222' title='bbox 816 3822 948 3880; x_wconf 89' lang='lat' dir='ltr'><em>Passieni</em></span> <span class='ocrx_word' id='word_1_223' title='bbox 973 3823 1159 3880; x_wconf 90' lang='lat' dir='ltr'><em>orationibus</em></span> <span class='ocrx_word' id='word_1_224' title='bbox 1184 3842 1222 3879; x_wconf 88' lang='lat' dir='ltr'><em>an</em></span> <span class='ocrx_word' id='word_1_225' title='bbox 1245 3824 1284 3881; x_wconf 87' lang='lat' dir='ltr'><em>de</em></span> <span class='ocrx_word' id='word_1_226' title='bbox 1308 3823 1578 3881; x_wconf 88' lang='lat' dir='ltr'><em>declamationibus</em></span> 
     </span>
     <span class='ocr_line' id='line_1_32' title="bbox 411 3927 1351 3996; baseline 0.003 -12"><span class='ocrx_word' id='word_1_227' title='bbox 411 3927 522 3985; x_wconf 92' lang='lat' dir='ltr'><em>dictum</em></span> <span class='ocrx_word' id='word_1_228' title='bbox 548 3929 615 3996; x_wconf 90' lang='lat' dir='ltr'><em>sint,</em></span> <span class='ocrx_word' id='word_1_229' title='bbox 642 3929 758 3987; x_wconf 90' lang='lat' dir='ltr'><em>disertis</em></span> <span class='ocrx_word' id='word_1_230' title='bbox 782 3929 880 3987; x_wconf 88' lang='lat' dir='ltr'><em>verbis</em></span> <span class='ocrx_word' id='word_1_231' title='bbox 904 3948 964 3986; x_wconf 91' lang='lat' dir='ltr'><em>non</em></span> <span class='ocrx_word' id='word_1_232' title='bbox 990 3929 1164 3988; x_wconf 86' lang='lat' dir='ltr'><em>declaratur.</em></span> <span class='ocrx_word' id='word_1_233' title='bbox 1214 3930 1274 3988; x_wconf 91' lang='lat' dir='ltr'><em>Sed</em></span> <span class='ocrx_word' id='word_1_234' title='bbox 1298 3930 1351 3987; x_wconf 90' lang='lat' dir='ltr'><em>suit</em></span> 
     </span>
     <span class='ocr_line' id='line_1_33' title="bbox 500 4037 1576 4112; baseline 0.006 -20"><span class='ocrx_word' id='word_1_235' title='bbox 500 4037 653 4094; x_wconf 77' lang='lat' dir='ltr'><em>Ilissionus</em></span> <span class='ocrx_word' id='word_1_236' title='bbox 669 4038 715 4094; x_wconf 82' lang='lat' dir='ltr'><em>uir</em></span> <span class='ocrx_word' id='word_1_237' title='bbox 729 4037 966 4111; x_wconf 84' lang='lat' dir='ltr'><em>eloquentissimus</em></span> <span class='ocrx_word' id='word_1_238' title='bbox 988 4045 1015 4094; x_wconf 90' lang='lat' dir='ltr'><em>et</em></span> <span class='ocrx_word' id='word_1_239' title='bbox 1035 4039 1164 4112; x_wconf 85' lang='lat' dir='ltr'><em>terrrporis</em></span> <span class='ocrx_word' id='word_1_240' title='bbox 1178 4039 1225 4094; x_wconf 92' lang='lat' dir='ltr'><em>sui</em></span> <span class='ocrx_word' id='word_1_241' title='bbox 1231 4040 1345 4112; x_wconf 90' lang='lat' dir='ltr'><em>primus</em></span> <span class='ocrx_word' id='word_1_242' title='bbox 1360 4047 1459 4096; x_wconf 90' lang='lat' dir='ltr'><em>orator</em></span> <span class='ocrx_word' id='word_1_243' title='bbox 1474 4057 1576 4112; x_wconf 59' lang='grc' dir='ltr'><em>ιω.</em></span> 
     </span>
     <span class='ocr_line' id='line_1_34' title="bbox 518 4143 1578 4220; baseline 0.002 -19"><span class='ocrx_word' id='word_1_244' title='bbox 518 4143 609 4202; x_wconf 90' lang='lat' dir='ltr'><em>Cuius</em></span> <span class='ocrx_word' id='word_1_245' title='bbox 644 4145 757 4220; x_wconf 84' lang='lat' dir='ltr'><em>gloriae</em></span> <span class='ocrx_word' id='word_1_246' title='bbox 793 4144 929 4202; x_wconf 88' lang='lat' dir='ltr'><em>Cassium</em></span> <span class='ocrx_word' id='word_1_247' title='bbox 966 4145 1127 4202; x_wconf 86' lang='lat' dir='ltr'><em>obtrectari</em></span> <span class='ocrx_word' id='word_1_248' title='bbox 1173 4145 1301 4203; x_wconf 85' lang='lat' dir='ltr'><em>voluisse</em></span> <span class='ocrx_word' id='word_1_249' title='bbox 1340 4145 1488 4204; x_wconf 86' lang='lat' dir='ltr'><em>adiectivo</em></span> <span class='ocrx_word' id='word_1_250' title='bbox 1526 4146 1578 4204; x_wconf 90' lang='lat' dir='ltr'><em>illo</em></span> 
     </span>
     <span class='ocr_line' id='line_1_35' title="bbox 411 4251 1578 4326; baseline 0.003 -19"><span class='ocrx_word' id='word_1_251' title='bbox 411 4251 532 4308; x_wconf 87' lang='lat' dir='ltr'><em>nomine</em></span> <span class='ocrx_word' id='word_1_252' title='bbox 557 4259 691 4320; x_wconf 82' lang='lat' dir='ltr'><em>„ooster“</em></span> <span class='ocrx_word' id='word_1_253' title='bbox 726 4251 870 4326; x_wconf 88' lang='lat' dir='ltr'><em>suspicari</em></span> <span class='ocrx_word' id='word_1_254' title='bbox 907 4251 1109 4325; x_wconf 87' lang='lat' dir='ltr'><em>prohibemur,</em></span> <span class='ocrx_word' id='word_1_255' title='bbox 1147 4270 1207 4325; x_wconf 79' lang='lat' dir='ltr'><em>qrro</em></span> <span class='ocrx_word' id='word_1_256' title='bbox 1243 4253 1396 4326; x_wconf 84' lang='lat' dir='ltr'><em>quandum</em></span> <span class='ocrx_word' id='word_1_257' title='bbox 1425 4252 1500 4310; x_wconf 92' lang='lat' dir='ltr'><em>inter</em></span> <span class='ocrx_word' id='word_1_258' title='bbox 1523 4253 1578 4311; x_wconf 93' lang='lat' dir='ltr'><em>hos</em></span> 
     </span>
     <span class='ocr_line' id='line_1_36' title="bbox 411 4358 1578 4433; baseline 0.001 -18"><span class='ocrx_word' id='word_1_259' title='bbox 411 4359 491 4416; x_wconf 89' lang='lat' dir='ltr'><em>virus</em></span> <span class='ocrx_word' id='word_1_260' title='bbox 509 4359 739 4416; x_wconf 85' lang='lat' dir='ltr'><em>familiaritatem</em></span> <span class='ocrx_word' id='word_1_261' title='bbox 757 4358 958 4416; x_wconf 88' lang='lat' dir='ltr'><em>intercessisse</em></span> <span class='ocrx_word' id='word_1_262' title='bbox 977 4368 1066 4433; x_wconf 87' lang='lat' dir='ltr'><em>patet.</em></span> <span class='ocrx_word' id='word_1_263' title='bbox 1114 4359 1250 4428; x_wconf 89' lang='lat' dir='ltr'><em>Accedit,</em></span> <span class='ocrx_word' id='word_1_264' title='bbox 1269 4361 1351 4433; x_wconf 82' lang='lat' dir='ltr'><em>quod</em></span> <span class='ocrx_word' id='word_1_265' title='bbox 1365 4359 1444 4418; x_wconf 90' lang='lat' dir='ltr'><em>idem</em></span> <span class='ocrx_word' id='word_1_266' title='bbox 1458 4360 1578 4418; x_wconf 87' lang='lat' dir='ltr'><em>Cassius</em></span> 
     </span>
     <span class='ocr_line' id='line_1_37' title="bbox 411 4466 651 4523; baseline -0.004 0"><span class='ocrx_word' id='word_1_267' title='bbox 411 4466 534 4523; x_wconf 89' lang='lat' dir='ltr'><em>Severus</em></span> <span class='ocrx_word' id='word_1_268' title='bbox 560 4466 651 4522; x_wconf 88' lang='lat' dir='ltr'><em>dicit:</em></span> 
     </span>
     <span class='ocr_line' id='line_1_38' title="bbox 499 4573 1578 4649; baseline 0.002 -19"><span class='ocrx_word' id='word_1_269' title='bbox 499 4573 703 4646; x_wconf 62' lang='lat' dir='ltr'><em>diligentissimo</em></span> <span class='ocrx_word' id='word_1_270' title='bbox 737 4592 779 4630; x_wconf 82' lang='lat' dir='ltr'><em>rao</em></span> <span class='ocrx_word' id='word_1_271' title='bbox 813 4574 864 4630; x_wconf 83' lang='lat' dir='ltr'><em>tibi</em></span> <span class='ocrx_word' id='word_1_272' title='bbox 884 4590 1055 4643; x_wconf 86' lang='lat' dir='ltr'><em>excusarem,</em></span> <span class='ocrx_word' id='word_1_273' title='bbox 1091 4581 1237 4649; x_wconf 83' lang='lat' dir='ltr'><em>tamqnam</em></span> <span class='ocrx_word' id='word_1_274' title='bbox 1266 4575 1331 4630; x_wconf 77' lang='lat' dir='ltr'><em>durr&#39;c</em></span> <span class='ocrx_word' id='word_1_275' title='bbox 1352 4575 1395 4632; x_wconf 87' lang='lat' dir='ltr'><em>rei</em></span> <span class='ocrx_word' id='word_1_276' title='bbox 1417 4594 1472 4632; x_wconf 89' lang='lat' dir='ltr'><em>non</em></span> <span class='ocrx_word' id='word_1_277' title='bbox 1495 4595 1578 4632; x_wconf 87' lang='lat' dir='ltr'><em>essem</em></span> 
     </span>
    </p>
   </div>
   <div class='ocr_carea' id='block_1_7' title="bbox 0 0 1754 5508">
    <p class='ocr_par' dir='ltr' id='par_1_12' title="bbox 0 0 1754 5508">
     <span class='ocr_line' id='line_1_39' title="bbox 0 0 1754 5508; baseline 0 0"><span class='ocrx_word' id='word_1_278' title='bbox 0 0 1754 5508; x_wconf 95' lang='lat' dir='ltr'><em> </em></span> 
     </span>
    </p>
   </div>
  </div>
 </body>
</html>
