3492 5508
664 504 884 560 ..η-

187 686 324 737 contentus
347 685 440 747 erat‘,
472 679 563 747 aliud,
589 699 655 738 curn
693 681 811 750 „ambae
833 701 861 738 se
884 684 1095 741 commtltebnt‘.
1155 684 1215 740 Hic
1239 683 1359 758 gloriari

187 786 316 853 volebat,
342 785 392 842 ille
416 786 555 843 exerceri.
604 787 711 861 Neque
735 787 839 844 minim
871 798 914 846 est
949 789 1119 863 diligentius
1151 791 1359 848 diclanravisse

188 912 265 961 eum,
291 893 342 968 qui
366 892 498 950 admisso
524 894 637 968 populo
662 894 793 954 dicebat.
840 896 985 952 Albucius

276 1018 336 1057 cum
353 1000 459 1074 populo
482 999 595 1068 decebat,
621 1020 714 1058 orrraer
729 1005 802 1058 vires
818 1021 886 1059 snas
901 1004 1059 1060 advocabat
1072 1012 1099 1060 rt
1112 1005 1172 1062 tileo
1186 1025 1241 1062 non
1257 1007 1358 1062 drine-

277 1109 332 1165 bat.
358 1116 438 1183 saepe
461 1106 631 1164 declamante
653 1109 701 1166 illo
725 1116 767 1165 ter
788 1109 938 1178 bucinovit,
963 1111 1029 1166 dum
1053 1113 1128 1185 nrprl
1149 1113 1179 1168 ia
1202 1114 1280 1168 narni
1301 1131 1359 1168 cun-

277 1215 413 1272 troaerst'a
437 1215 522 1271 dz'ccre
537 1234 592 1272 non
615 1216 756 1290 quidquid
768 1217 844 1272 debet
858 1217 920 1285 dr'cr',
936 1217 986 1273 sed
997 1219 1138 1292 quidquid
1144 1226 1236 1292 potest
1253 1221 1356 1291 267,2.

294 1324 372 1379 Tum
386 1340 421 1378 ex
435 1321 506 1396 ipsis
523 1321 621 1378 verbis
639 1323 760 1396 ,populo
776 1323 919 1380 admz'sso“
932 1323 1113 1380 concludere
1129 1325 1197 1382 licet
1215 1325 1357 1382 nraiorern

189 1430 343 1488 bominum
370 1428 589 1486 multitudinem
614 1429 653 1486 ad
678 1429 730 1486 has
761 1429 997 1486 declamationes
1032 1433 1219 1499 convenisse,
1256 1451 1358 1506 quam-

189 1557 276 1614 quam
302 1555 456 1610 nunquam
482 1536 621 1604 defuisse,
648 1536 754 1610 quibus
786 1537 825 1593 ad
850 1537 968 1594 scholas
1002 1538 1098 1595 aditus
1131 1539 1356 1612 permitteretur,

188 1646 349 1722 probatum
386 1653 439 1711 est,
477 1643 595 1700 Deinde
632 1643 768 1716 quamvis
802 1644 847 1699 vel
884 1643 913 1699 in
950 1644 1071 1702 scholae
1097 1645 1358 1703 exercitationibus

188 1753 365 1828 plerumque
398 1761 516 1826 praeter
548 1750 711 1825 discipulos
748 1750 822 1808 alios
859 1749 978 1807 affuisse
1002 1752 1162 1826 probatum
1187 1752 1232 1820 sit,
1258 1764 1357 1810 tamen

189 1870 425 1916 consentaneum
444 1868 488 1915 est
505 1859 617 1933 populo
635 1857 767 1915 admisso
785 1858 929 1914 maiorem
946 1877 1101 1916 numerum
1118 1859 1156 1916 ad
1175 1860 1358 1917 audiendum

189 1966 386 2040 confluxissc3
404 1965 486 2039 quod
505 1964 543 2022 de
562 1964 671 2021 Albuci
688 1965 958 2022 declamationibus
976 1976 1076 2040 aperte
1093 1975 1216 2023 testatur
1232 1968 1357 2024 Seneca.

298 2075 389 2131 Porro
425 2073 564 2130 conicere
588 2073 667 2140 licet,
706 2073 755 2128 ubi
794 2073 921 2147 populus
958 2073 1179 2139 admittebatur,
1217 2093 1268 2130 eos
1306 2073 1357 2148 qui

190 2182 325 2248 aderant,
351 2180 453 2238 audire
478 2190 635 2237 contentos
653 2181 752 2237 tuisse.
778 2167 949 2236 Absurdum
975 2180 1055 2236 enirn
1080 2180 1196 2237 videtur
1214 2181 1358 2256 suspicari

190 2289 279 2358 hunc,
306 2288 356 2362 qui
380 2287 501 2362 gloriari
524 2288 655 2355 volebat,
672 2287 737 2344 aliis
761 2305 838 2361 quae
855 2287 969 2344 dixerat
986 2288 1162 2361 castiganda
1178 2289 1355 2362 permisisse.

191 2396 278 2453 Certe
295 2395 319 2452 si
336 2395 465 2453 Albucio
483 2395 671 2452 declamante
686 2403 765 2470 saepe
781 2402 823 2451 ter
837 2395 987 2463 bucr'naait,
1005 2394 1224 2469 disputantibus
1242 2407 1358 2470 ternpus

191 2521 251 2559 non
277 2503 509 2577 relinquebatur.
557 2503 711 2559 Paululum
737 2520 781 2559 res
819 2502 1066 2570 commutabatur,
1104 2521 1170 2558 curn
1208 2514 1358 2560 certamen

191 2610 334 2668 indictum
372 2621 444 2678 erat,
481 2611 569 2684 quale
595 2609 703 2683 Sparso
740 2627 807 2666 cum
844 2610 936 2666 Basso
971 2609 1060 2666 fuisse
1095 2610 1211 2666 Seneca
1235 2620 1359 2666 testatur

192 2737 298 2794 453,7.
358 2719 444 2774 Tunc
478 2735 582 2773 omnes
616 2726 763 2774 certantes
796 2715 1012 2773 declamavisse
1045 2728 1280 2772 consentaneum
1305 2731 1357 2774 cst.

192 2827 222 2882 Si
247 2843 317 2882 vero
341 2834 458 2900 praeter
481 2824 535 2880 hos
559 2823 609 2880 alii
634 2823 852 2880 declamassent
877 2833 927 2879 aut
951 2823 1161 2896 disputassent,
1187 2823 1259 2878 nibil
1285 2823 1360 2880 inter

168 2934 249 2990 boc
273 2941 424 2989 certamen
450 2941 478 2988 et
502 2930 566 2987 illas
591 2929 818 2988 exercitationes
842 2931 1005 2998 interesset,
1038 2931 1075 2987 de
1100 2931 1208 3004 quibus
1233 2930 1358 2986 disseru-

191 3041 276 3098 imus.
339 3038 409 3111 Qua
446 3038 484 3094 de
519 3056 610 3094 causa
645 3047 743 3094 autem
779 3037 836 3094 bac
871 3037 1004 3094 certandi
1035 3056 1109 3094 voce
1144 3036 1287 3110 singulari
1322 3037 1360 3094 de

192 3147 306 3223 vulgari
330 3146 551 3204 declamatione
576 3146 693 3202 Seneca
718 3163 787 3202 usus
812 3145 908 3202 esset?

647 3373 719 3438 111.
744 3373 794 3440 Ilo
818 3373 906 3442 loco.

749 3530 810 3587 16.

299 3649 346 3704 De
371 3647 449 3715 loco,
475 3663 535 3720 quo
571 3646 626 3702 hae
662 3645 899 3702 declamationes
936 3643 1068 3700 admisso
1100 3645 1212 3719 populo
1240 3645 1361 3702 habitae

193 3756 261 3824 sint,
294 3773 374 3811 nunc
407 3752 609 3827 quaerendum
636 3763 687 3809 est.
737 3753 881 3809 Albucius
915 3752 1037 3826 quidem
1063 3753 1134 3826 quin
1161 3753 1269 3808 eodem
1294 3753 1362 3808 loco

192 3863 306 3938 populo
331 3859 551 3927 declamaverit,
577 3878 637 3933 quo
662 3859 891 3917 exercitationes
915 3878 982 3916 suas
1008 3870 1137 3916 secretas
1162 3859 1296 3926 instituit,
1331 3859 1362 3916 id

193 3985 237 4027 est
270 3970 298 4026 in
334 3969 447 4036 schola,
482 3985 542 4023 non
577 3977 630 4035 est,
665 3985 717 4023 cur
749 3967 928 4024 dubitemus.
982 3967 1072 4023 Hunc
1097 3967 1185 4036 eninr,
1223 3967 1252 4022 in
1279 3966 1363 4023 cuius

194 4075 421 4134 exercitationes
446 4073 534 4149 pauci
559 4074 771 4148 irrumpebant,
798 4074 821 4130 si
846 4074 935 4132 dicit:

283 4201 343 4240 cam
350 4183 449 4257 plures
473 4201 515 4238 me
530 4181 607 4238 dorni
628 4182 750 4237 andam
770 4200 857 4255 quam
873 4200 1041 4254 quemqnam
1065 4182 1095 4237 in
1110 4181 1181 4254 foro
1208 4173 1362 4254 271,14¹),

195 4301 223 4350 et
247 4291 366 4367 publice
390 4299 420 4347 et
443 4288 580 4364 privatim
605 4289 688 4346 dorni
713 4288 929 4345 declamavisse
954 4297 1043 4362 patet.

301 4397 457 4455 Haterium
484 4395 607 4471 Gruppe
631 4405 715 4471 putat
739 4396 770 4452 in
795 4395 885 4453 aedes
916 4413 984 4452 suas
1018 4413 1213 4462 convocasse,
1249 4392 1299 4468 qui
1333 4411 1365 4450 se

303 4695 323 4762 ¹)
343 4697 362 4745 si
383 4697 484 4760 quidem
504 4696 552 4744 hoc
572 4697 671 4754 „dorat‘
692 4711 737 4742 suo
756 4694 813 4743 loco
833 4704 897 4744 stare
918 4694 1081 4748 concesseris.

1137 4768 1151 4816 2
