3492 5508
677 487 876 545 -9-

193 665 320 723 eundem
346 665 473 724 Ovidius
514 669 605 743 134,8
642 675 671 724 et
695 665 813 724 auditor
843 666 977 740 quidam,
1008 665 1090 722 cuius
1114 667 1221 741 pudori
1247 669 1362 726 Seneca

193 773 287 848 parcit
306 789 434 848 553‚14.
461 773 541 848 apud
559 773 691 833 Cestium
709 775 804 831 Alfius
822 775 929 832 Flavus
957 791 1025 847 27,1
1033 794 1049 848 3
1076 784 1104 832 et
1128 784 1186 832 tres
1211 776 1362 834 auditores

193 879 287 956 ignoti
313 883 418 954 338‚6.
468 881 628 938 Surdinum
653 881 734 939 Cesti
758 881 938 957 discipulum
963 881 1053 939 fuisse
1077 901 1131 958 pro
1155 894 1237 941 certo
1262 883 1362 941 dicere

193 1005 254 1043 non
279 988 383 1045 ausim.
432 989 477 1045 De
501 1007 562 1062 quo
587 989 661 1046 haec
685 987 793 1046 tradita
817 1001 896 1046 sunt:

282 1095 363 1168 apud
387 1095 507 1152 Cestium
531 1095 617 1152 stum
640 1097 776 1152 rhetorem
808 1096 982 1152 declamabat
1008 1097 1082 1152 lectu
1109 1098 1269 1154 suasoriam
1293 1096 1363 1154 Sur-

283 1203 376 1270 dinus,
401 1203 559 1275 ingeniosus
582 1203 748 1272 adulescens,
773 1223 792 1260 a
815 1223 870 1277 quo
889 1201 1015 1260 Graecae
1029 1203 1154 1277 fabulae
1175 1203 1312 1277 eleganter
1333 1206 1363 1260 ire

284 1329 434 1367 sermonem
451 1296 588 1367 [atricum
612 1329 757 1368 conuersae
780 1319 854 1369 suat.
879 1311 984 1368 solebat
996 1311 1085 1368 dulces
1108 1313 1256 1368 sententias
1279 1312 1364 1368 dicere

275 1417 457 1491 frequentius
480 1426 572 1475 taurcu
589 1419 754 1492 praedulces
776 1426 803 1476 et
823 1419 962 1493 infractos
988 1421 1115 1493 581,21.

302 1543 394 1601 Unde
406 1543 550 1618 probatur
562 1543 720 1601 Surdinum
734 1544 852 1619 saepius
871 1543 1057 1602 declamasse
1070 1552 1099 1600 et
1110 1543 1190 1600 hane
1199 1543 1363 1600 suasoriam

197 1651 276 1725 apud
306 1650 437 1708 Cestium
474 1649 600 1723 dixisse;
638 1651 762 1708 dubium
798 1661 895 1709 autem
928 1661 980 1720 est,
1013 1669 1083 1708 num
1115 1662 1213 1708 certae
1244 1651 1364 1708 cuidam

197 1758 318 1815 scholae
366 1758 510 1814 Surdinus
558 1777 589 1815 se
630 1757 785 1816 addixerit.
857 1759 955 1816 Potuit
994 1758 1072 1816 enim
1113 1759 1192 1833 apud
1232 1757 1364 1816 Cestium

197 1865 366 1922 declamare
400 1865 470 1922 licet
505 1865 567 1922 eius
602 1864 765 1939 discipulus
790 1884 849 1921 non
876 1864 971 1934 fuerit,
1005 1864 1074 1939 quia
1103 1865 1288 1922 consuetudo
1313 1865 1366 1922 fuit

199 1972 279 2030 Cesti
305 1972 420 2030 alienos
445 1971 662 2030 declamatores
686 1973 725 2030 ad
750 1973 883 2029 scholam
909 1991 992 2028 suam
1018 1971 1184 2041 admittere,
1210 1972 1285 2029 sicut

286 2080 393 2137 Pastor
425 2080 535 2136 Aietius
573 2080 647 2136 leucu
680 2081 893 2136 controuersiam
928 2080 1009 2156 apud
1044 2079 1164 2137 Cestium
1198 2080 1273 2136 de'mt
1308 2082 1366 2137 aaut

286 2194 399 2244 senator
421 2206 506 2260 49,9.

306 2295 403 2367 Quem
430 2293 509 2352 Cesti
545 2292 724 2368 discipulum
760 2292 859 2360 fuisse,
897 2312 974 2360 curn,
1000 2293 1049 2368 qui
1075 2294 1192 2350 scholas
1217 2295 1366 2352 rhetorum

199 2401 437 2476 frequentabant,
463 2403 551 2476 pueri
570 2401 636 2476 scre
664 2407 717 2457 aut
737 2402 847 2458 iuuenes
878 2412 985 2470 essent,
1025 2394 1047 2478 1)
1072 2401 1258 2459 confidenter
1289 2421 1366 2475 nego

305 2508 403 2584 Pergit
428 2509 485 2566 hoe
508 2509 592 2567 loco:

292 2616 398 2674 Cestius
430 2617 504 2672 lcum
533 2615 669 2689 corrituit
696 2622 723 2671 et
743 2615 832 2672 dixit:
862 2615 912 2672 lcoc
941 2623 989 2682 est,
1029 2635 1118 2690 quare
1157 2635 1204 2690 ego
1228 2616 1369 2672 auditores

289 2742 360 2780 meos
383 2723 495 2779 invitem
519 2723 562 2780 ad
581 2723 652 2780 alios
675 2723 827 2779 audiendos
850 2719 915 2779 irre*
939 2741 1046 2796 49›12-

306 2850 393 2922 Quae
429 2849 522 2906 verba
557 2867 610 2924 per
645 2867 676 2904 se
701 2865 830 2922 pronum
869 2857 913 2905 est
948 2847 988 2905 ita
1019 2847 1206 2924 interpretari
1235 2847 1367 2906 Cestium

200 2951 365 3030 discipulos
382 2956 569 3013 adhortatum
588 2974 662 3024 esse,
681 2967 711 3012 ut
736 2954 861 3012 aliorum
886 2955 1004 3012 scholas
1029 2955 1259 3030 frequentarent.
1308 2955 1368 3012 Sed

201 3063 271 3138 quia
294 3063 448 3137 praecedit
464 3062 554 3120 Aietii
575 3062 756 3121 declamatio
781 3061 811 3118 in
835 3061 916 3120 Cesti
941 3062 1033 3137 ipsius
1058 3063 1161 3119 schola
1183 3061 1295 3130 habita,
1321 3061 1369 3118 hic

200 3170 371 3245 indignatus
407 3187 470 3228 esse
505 3169 630 3237 videtur,
664 3169 747 3244 quod
770 3170 876 3226 Pastor
898 3169 1022 3240 Aietius,
1054 3169 1092 3226 ad
1117 3187 1206 3242 quem
1233 3167 1313 3242 apud
1338 3187 1369 3225 se

201 3277 384 3336 audiendum
402 3277 552 3334 auditores
569 3297 638 3334 suos
656 3275 841 3354 invitaverat,
859 3287 918 3334 tarn
937 3277 1015 3334 male
1033 3276 1221 3334 declamavit.
1270 3277 1369 3348 Atque

201 3404 267 3442 cum
294 3384 410 3442 Cestius
435 3385 542 3459 plurali
566 3403 690 3442 numero
715 3403 783 3441 usus
815 3383 880 3453 „ud
899 3384 969 3440 alios
992 3383 1168 3440 audicudos“
1192 3382 1282 3454 (licat,
1308 3367 1369 3438 non

201 3492 330 3550 Aietium
356 3493 462 3560 solum,
488 3492 541 3550 sed
558 3493 656 3567 plures
673 3491 819 3559 homines
846 3491 896 3565 qui
921 3489 1060 3564 discipuli
1077 3509 1136 3546 non
1162 3500 1269 3555 essent,
1289 3489 1369 3562 apud

201 3618 267 3657 eum
297 3600 483 3657 declamasse
518 3609 651 3674 apparet.
711 3601 791 3656 lnter
826 3617 901 3673 quos
937 3597 1060 3654 fortasse
1087 3596 1248 3670 Quintilius
1273 3597 1370 3652 Varus

200 3706 263 3775 fuit,
298 3706 336 3764 de
370 3725 430 3779 quo
465 3725 562 3762 sermo
598 3717 642 3763 est
675 3707 781 3778 48,17.
845 3707 948 3762 Restat
973 3715 1003 3761 ut
1028 3704 1067 3762 ad
1091 3703 1172 3760 illum
1206 3702 1370 3760 Domitium

200 3813 363 3888 veniamus,
387 3813 417 3868 in
443 3831 530 3886 quem
557 3812 678 3870 Cassius
702 3811 826 3870 Severus

290 3921 320 3976 in
337 3921 480 3977 consulatu
496 3937 556 3976 curre
569 3921 694 3976 tleeruras
703 3919 895 3994 prospicientes
912 3919 988 3975 uiam
1013 3917 1132 3974 Sacram
1156 3916 1328 3991 aedificasset
1348 3923 1375 3972 rt

290 4029 416 4102 coepisset
447 4028 543 4084 deiude
583 4028 705 4108 rleetcrcs
740 4027 883 4082 circumire
917 4033 944 4082 et
975 4026 1146 4082 declamare:
1181 4044 1237 4098 ego,
1271 4025 1371 4097 inquit,

291 4136 406 4191 sciebam
432 4149 561 4208 411,15.

311 4261 369 4318 Hic
405 4279 464 4334 qua
500 4260 615 4317 ratione
651 4260 724 4316 illud
754 4259 910 4330 „electores
925 4260 1089 4315 α’νιιιυιίνεΗ
1119 4257 1371 4332 interpretandum

204 4369 241 4426 sit
271 4369 326 4426 nisi
361 4368 399 4426 de
422 4367 572 4424 rhetorum
611 4367 722 4424 scholis
747 4366 950 4440 frequentatis,
988 4365 1102 4422 nescire
1138 4382 1185 4421 me
1216 4365 1370 4420 confiteor.
