3492 5508
902 435 1098 487 „4-

504 617 639 683 quartum
663 611 744 679 diem,
780 629 866 685 arram
890 610 1014 667 Herium
1029 611 1128 686 filium
1163 612 1310 679 amiserat,
1345 611 1500 668 declamare
1523 630 1581 668 eum

505 718 581 773 uubis
608 720 712 792 226,5.

524 801 606 881 Sicut
629 825 780 882 Labienus
804 843 925 899 quoque
949 825 1138 894 „declamauit
1157 828 1282 898 egregie‘
1307 836 1336 883 et

504 938 563 987 tam
587 932 684 988 deserte
707 932 872 989 declamauit
885 939 998 1016 partem
1021 935 1089 1000 er'us,
1113 934 1165 1007 qui
1186 934 1311 990 debilitat
1330 933 1475 1004 expositos,
1497 952 1581 1006 quam

505 1058 582 1095 uerae
605 1039 725 1095 alteram
743 1046 856 1114 partem
881 1041 987 1114 489,1.

524 1145 594 1217 Quo
620 1145 747 1203 consilio
771 1158 869 1204 autem
905 1147 984 1203 hunc
1019 1147 1115 1205 credis
1151 1149 1336 1206 declamasse
1371 1147 1428 1204 nisi
1463 1148 1580 1216 eodem,

417 1271 477 1326 quo
501 1253 647 1322 Asinium,
685 1265 716 1310 ut
740 1253 943 1312 exerceretur?
990 1255 1074 1312 Idem
1112 1274 1182 1313 vero
1207 1273 1311 1313 ornnes
1339 1264 1411 1329 puto
1437 1255 1494 1312 sibi
1517 1273 1581 1330 pro-

416 1360 561 1434 posuisse,
587 1359 637 1434 qui
655 1360 927 1418 declamationibus
945 1379 1067 1436 operam
1091 1362 1251 1419 navabant.
1300 1363 1340 1419 At
1363 1361 1414 1436 qui
1439 1363 1581 1436 populum

417 1467 602 1536 admittebat,
620 1478 701 1524 extra
718 1469 775 1525 hoc
788 1468 974 1543 propositum
991 1469 1139 1526 excedens
1159 1469 1279 1543 gloriari
1302 1479 1364 1527 arte
1382 1487 1435 1526 sua
1452 1469 1580 1526 volebat.

416 1574 552 1645 Accedit,
579 1593 639 1648 quo
675 1575 875 1632 confidentius
912 1576 969 1632 hoc
1005 1576 1049 1650 de¹
1066 1575 1301 1633 declamantium
1326 1576 1458 1634 consiliis
1483 1594 1581 1634 cense-

416 1699 510 1749 amus,
536 1682 617 1755 quod
641 1682 679 1738 de
703 1681 833 1738 Albucio
857 1682 938 1756 apud
962 1683 1106 1772 Senecam
1131 1683 1206 1740 haec
1230 1683 1384 1758 leguntur:

505 1789 579 1845 alius
602 1797 672 1857 erat,
697 1806 756 1846 cum
785 1790 882 1846 turbae
904 1808 932 1846 se
956 1791 1144 1858 camuu'ttedat,
1172 1790 1256 1859 aleus,
1281 1809 1341 1847 cum
1359 1793 1502 1867 paucitate
1525 1807 1580 1847 cau-

505 1903 593 1953 teutus
628 1905 692 1954 erat
723 1898 827 1970 266,7.
864 1914 924 1953 eum
941 1897 1046 1972 papula
1073 1897 1185 1966 dr'cebat,
1221 1917 1313 1955 omues
1337 1900 1409 1956 uires
1443 1916 1511 1954 suas
1533 1897 1581 1954 ad·

505 2005 623 2061 uacabat
643 2011 670 2061 et
690 2005 748 2061 idea
771 2024 826 2061 aaa
850 2005 992 2062 aestuabat
1016 2007 1072 2078 267
1091 2025 1119 2080 3.

527 2111 613 2167 Tunc
630 2111 726 2185 igitur,
746 2129 812 2168 curn
830 2113 957 2186 populus
975 2111 1122 2170 admissus
1135 2122 1206 2180 erat,
1225 2131 1329 2169 omnes
1342 2111 1417 2169 vires
1434 2111 1582 2168 advocare

416 2219 583 2292 oportebat,
608 2228 638 2275 ut
663 2219 753 2292 plena
777 2219 843 2276 luce
860 2219 1055 2276 declamantis
1080 2238 1125 2276 ars
1143 2229 1307 2294 appareret.
1343 2219 1504 2292 Reliquum
1528 2227 1579 2284 est,

417 2335 447 2382 ut
474 2325 512 2382 de
549 2329 617 2383 loco
654 2327 748 2401 magis
785 2327 913 2384 obscuro
950 2327 1138 2397 disseramus,
1176 2345 1236 2401 quo
1271 2345 1361 2384 voces
1397 2327 1580 2394 ,‚asteutatia“

416 2444 444 2490 et
468 2436 668 2506 ‚,eueru'tatea“
692 2434 819 2492 similem
844 2435 874 2492 in
899 2436 1021 2493 modum
1039 2435 1115 2493 inter
1137 2453 1168 2492 se
1185 2446 1377 2510 opponuntur
1401 2444 1490 2508 atque
1513 2433 1581 2489 loco

415 2559 503 2616 supra
527 2542 649 2599 laudato
673 2543 763 2599 verba
789 2543 946 2600 exercendi
971 2554 999 2600 et
1022 2542 1180 2617 gloriandi.
1209 2542 1330 2617 Legitur
1354 2541 1453 2599 enim:

503 2649 660 2706 Maruarms
683 2649 808 2706 Vatr'euus
823 2649 891 2706 adea
914 2669 1069 2724 numqaum
1090 2650 1277 2706 ostentaturus
1299 2649 1466 2705 declamauit
1486 2664 1581 2714 causa,

503 2763 536 2812 ut
555 2775 589 2812 ue
611 2757 814 2813 exeru'tatzam's
836 2756 945 2830 quidem
969 2756 1166 2813 declamaverit
1187 2759 1294 2830 37o,8.

521 2863 612 2922 Unde
636 2861 732 2937 primo
757 2874 880 2937 aspectu
904 2863 962 2919 hoc
985 2863 1101 2920 videtur
1132 2861 1373 2920 concludendum
1399 2879 1473 2930 esse,
1499 2861 1582 2935 quod

415 2970 538 3046 Gruppe
550 2965 572 3045 ¹)
597 2981 676 3027 certe
693 2969 818 3039 censuit,
836 2971 1015 3027 Montanum
1031 2969 1193 3027 Votienum
1213 2987 1366 3042 nunquam
1383 2968 1580 3026 declamasse.

413 3078 506 3152 Atqui

502 3185 659 3242 Mautauus
676 3191 789 3259 partem
813 3186 980 3241 accusaturis
1003 3185 1169 3242 declamauit
1191 3203 1298 3258 409,9.

520 3294 557 3350 Et
581 3293 619 3350 de
643 3293 751 3350 eodem
776 3293 892 3349 Seneca
915 3292 1000 3350 dicit:

510 3401 610 3457 Vitium
644 3419 736 3465 suum,
772 3400 850 3474 quad
880 3401 909 3456 r'u
944 3401 1117 3456 aratraue'bus
1151 3418 1206 3455 aaa
1240 3399 1335 3466 eru'tat,
1363 3400 1392 3454 iu
1415 3397 1582 3454 schalastur's

500 3526 609 3582 quaque
631 3508 736 3564 euitare
759 3525 814 3563 aaa
831 3509 926 3580 patuit
948 3509 1053 3577 420,8.

520 3614 645 3688 Saepius
681 3613 769 3689 igitur
803 3613 919 3671 videtur
948 3615 1125 3671 Montanum
1164 3612 1313 3670 audivisse
1349 3612 1579 3670 declamantem.

415 3721 533 3795 Quibus
569 3721 705 3790 efficitur,
741 3733 772 3777 ut
796 3721 888 3789 locus,
924 3721 947 3778 si
983 3721 1105 3794 quidem
1132 3741 1148 3777 a
1174 3720 1272 3776 Fabro
1307 3718 1512 3794 probabiliter,
1549 3717 1588 3774 ut'

412 3830 536 3901 videtur,
555 3828 703 3886 restitutus
721 3839 765 3886 est
776 3822 809 3904 2),
828 3829 916 3886 aliter
930 3828 1125 3904 explicandus
1137 3828 1173 3885 sit
1190 3837 1279 3901 atque
1297 3825 1432 3900 Gruppio
1459 3824 1579 3900 placuit.

519 3937 636 4010 Nempe
661 3937 776 3993 Seneca
800 3936 882 4010 <prod
908 3938 1083 3993 Montanum
1121 3945 1209 4010 negat
1244 3932 1463 3992 exercitationis
1490 3949 1582 3988 causa

413 4045 607 4113 declamasse,
633 4044 691 4100 hoc
715 4043 831 4100 videtur
866 4043 966 4101 dicere
996 4043 1060 4100 loro
1096 4043 1177 4098 illum
1214 4040 1413 4099 declamando
1449 4038 1581 4096 exerceri

413 4151 553 4209 noluisse.
601 4151 762 4209 Rationem
779 4150 857 4208 enim
875 4149 1030 4224 quaerenti
1048 4151 1180 4208 Senecae
1197 4149 1236 4205 ita
1255 4147 1409 4223 respondit
1424 4145 1580 4214 VotienuS,

520 4431 539 4497 ¹)
559 4435 662 4497 Gruppe
681 4434 698 4481 l.
718 4434 735 4481 l.
756 4433 797 4481 28.
817 4449 841 4480 n.
862 4445 903 4492 24.

518 4520 539 4587 ²)
569 4523 669 4570 codices
697 4523 764 4570 enirn
794 4539 839 4585 pro
876 4523 1089 4580 „exerer'tatr'auis“
1118 4523 1240 4584 praebent
1269 4520 1309 4568 vel
1338 4519 1509 4578 „exercitatiu‘
1539 4516 1582 4564 vel

411 4614 600 4674 „exer·eitatus“.
