3492 5508
672 470 891 524 „41-

274 655 372 724 potest,
397 649 475 724 quad
494 667 549 706 nan
584 648 653 706 kaie
674 656 701 706 et
724 651 821 718 anxie,
857 649 907 707 sed
937 649 1027 708 earam
1056 657 1149 724 paene
1183 666 1238 722 aaa
1261 645 1367 704 eiciebat

280 757 382 831 r'rapetu
405 757 539 814 scribebat
566 775 632 826 10‚1
645 775 668 814 1.

296 863 402 938 Neque
426 873 539 933 tamen,
564 881 631 922 cum
657 864 848 934 declamaret,
874 862 1030 924 codicibus
1054 861 1096 920 illi
1121 881 1195 938 opus
1220 871 1298 921 erat:

279 979 464 1046 superauerat
486 971 540 1029 sibi
552 972 666 1048 fecerat
680 971 796 1030 codices:
820 972 914 1030 aiebat
934 972 1010 1029 sein
1034 971 1129 1028 aalma
1151 970 1266 1027 scribere
1292 983 1362 1043 11‚5

280 1080 396 1150 cogitata
428 1079 534 1136 dicebat
554 1080 605 1148 ita,
641 1086 673 1136 at
694 1081 724 1138 in
759 1079 835 1138 nulla
872 1098 1005 1156 amquam
1029 1078 1110 1136 rurba
1143 1097 1205 1136 euru
1229 1077 1363 1134 anemoria

281 1184 412 1261 deceperit
438 1189 518 1254 11‚6.

298 1292 425 1352 Accedit
449 1293 532 1368 quod
556 1294 718 1352 Montanus
742 1293 830 1352 dicit:

281 1401 334 1476 qui
354 1401 578 1460 declamationem
595 1409 698 1478 parat,
733 1401 828 1459 scribit
860 1420 915 1460 aaa
939 1407 971 1458 at
992 1402 1093 1468 vincat,
1115 1400 1165 1458 sed
1194 1407 1227 1457 at
1252 1399 1367 1476 placeat

281 1525 410 1582 370,12.

301 1617 369 1674 Hoc
406 1634 476 1692 ergo
513 1615 605 1674 modo
641 1615 893 1674 declamationem
926 1615 1023 1692 parari
1047 1615 1129 1681 dicit,
1154 1625 1185 1674 ut
1208 1613 1363 1672 scribatur.

285 1723 431 1794 (Albucius
454 1723 571 1794 dicebat)
594 1724 676 1781 citata
698 1731 725 1782 ei
749 1723 837 1798 effma
860 1741 952 1794 mrsu,
976 1724 1026 1782 sed
1037 1729 1242 1799 praeparatas.
1266 1728 1364 1778 exiem-

281 1830 441 1906 tenporalis
474 1830 519 1888 elli
540 1830 679 1906 sancitas,
715 1839 748 1888 ai
779 1831 983 1908 arlfirraabant,
1019 1831 1071 1906 qai
1097 1831 1217 1906 propias
1251 1834 1364 1896 aaroni,

283 1957 337 1996 aaa
361 1939 464 2007 deerat,
488 1937 539 1996 sed
551 1939 677 2014 patabat
696 1939 753 2014 r'pse
775 1939 830 1996 sibi
850 1939 938 1996 deesse
963 1940 1090 2012 267,17.

301 2047 381 2104 Raro
406 2045 493 2121 igitur
522 2044 666 2104 Albucius
701 2063 737 2104 ex
772 2055 906 2121 ternpore
938 2045 1048 2104 dixisse
1083 2043 1208 2112 videtur,
1234 2042 1365 2100 malebat

194 2153 364 2212 declamare
399 2162 601 2228 praeparatus.
654 2153 772 2226 Quibus
796 2152 934 2229 cognitis,
960 2153 1043 2228 quod
1068 2149 1209 2210 Haterius
1233 2149 1364 2208 admisso

194 2261 306 2338 populo
331 2278 366 2318 ex
402 2270 536 2336 tempore
560 2260 752 2320 declamabat
779 2277 884 2335 ΝΜ,
923 2260 1005 2336 quod
1038 2258 1232 2335 Argentarius
1270 2275 1365 2332 aeque

194 2379 284 2442 atque
301 2367 417 2426 Cestius
442 2386 478 2426 ex
494 2377 628 2442 tempore
650 2367 770 2426 dicebat
795 2387 903 2442 401‚9,
928 2367 998 2426 ideo
1014 2368 1147 2426 Senecae
1176 2366 1206 2424 in
1235 2373 1364 2423 mentem

195 2474 310 2534 venisse
335 2474 459 2543 videtur,
485 2475 568 2550 quod
594 2493 659 2532 raro
695 2474 766 2534 talia
794 2474 982 2544 accidebant,
1018 2493 1084 2532 cum
1120 2472 1271 2532 scribendi
1297 2489 1365 2528 usus

193 2582 321 2659 vulgaris
346 2594 431 2641 esset.
480 2583 585 2640 Restat
608 2581 747 2658 denique,
773 2582 850 2658 quad
875 2581 986 2640 dehac
1010 2580 1226 2640 consuetudine
1251 2578 1280 2636 in
1305 2577 1365 2636 uni·

194 2708 310 2748 versum
335 2699 457 2748 testatur
481 2689 611 2748 Seneca:

283 2797 334 2866 illi,
358 2797 410 2872 qai
429 2797 531 2872 scripta
554 2815 608 2854 saa
631 2803 768 2872 torpuerat,
791 2799 843 2871 qai
863 2797 896 2854 de
918 2797 1036 2870 singulis
1058 2796 1148 2854 verbis
1170 2797 1200 2852 ia
1224 2794 1365 2852 consiliam

283 2911 356 2972 eant,
388 2921 488 2960 necesse
522 2911 570 2972 esi,
605 2924 677 2980 qaae
711 2905 807 2962 latrias
830 2906 926 2962 anima
957 2923 1007 2961 sua
1041 2903 1197 2971 admovent,
1222 2902 1367 2960 nartissime

283 3011 430 3086 adfigent:
453 3018 486 3068 al
507 3028 743 3086 quarumcumque
765 3012 845 3070 stilus
873 3012 948 3070 cclix
963 3019 1010 3082 est,
1035 3010 1146 3068 tardior
1168 3010 1302 3068 memoria
1318 3015 1365 3066 est.

289 3137 392 3190 10‚r4.

750 3236 813 3296 28.

303 3336 389 3392 Haec
413 3333 516 3392 omnia
539 3351 609 3392 vero
634 3333 715 3392 dicta
739 3343 807 3392 sunt
831 3334 869 3392 de
886 3334 1001 3410 privata
1025 3332 1263 3409 praeparatione.
1298 3331 1363 3390 Edi·

194 3443 274 3502 disse
300 3454 397 3500 autem
416 3442 634 3500 declamatores
659 3443 733 3500 haec
755 3441 865 3518 scripta
882 3451 999 3518 praeter
1015 3441 1087 3500 illud
1105 3459 1194 3498 unum
1219 3439 1367 3520 (453‚12)

194 3549 254 3608 alia
277 3549 448 3608 testimonia
472 3568 533 3607 non
558 3560 725 3608 occurrunt.
773 3551 870 3608 Immo
905 3549 985 3606 hunc
1021 3567 1105 3606 usum
1130 3567 1190 3606 non
1215 3547 1365 3622 vulgarem

195 3656 295 3724 luisse,
320 3655 463 3716 discimus
486 3674 522 3714 ex
546 3655 591 3714 his
616 3657 747 3714 Senecae
772 3655 885 3714 verbis:

276 3764 342 3840 fere
354 3765 426 3822 enim
450 3771 504 3822 aui
524 3763 598 3822 nulli
619 3765 811 3822 commentarii
826 3765 1016 3822 maximarum
1034 3763 1250 3820 declamatoriam
1271 3769 1370 3818 extant

284 3879 344 3940 aul,
368 3871 446 3946 qaod
458 3872 541 3946 peius
563 3879 610 3940 esi,
626 3871 706 3946 falsi
728 3872 789 3946 6‚9.

303 3979 421 4052 Quibus
457 3977 585 4054 cognitis
617 3978 689 4053 quin
725 3978 976 4036 declamationum
1012 3996 1066 4053 per
1099 3977 1211 4036 litteras
1235 3977 1367 4054 publica-

196 4097 291 4146 tarum
318 4103 456 4144 numerus
481 4105 587 4161 parvus
612 4085 708 4154 luerit,
745 4104 806 4144 non
831 4085 889 4144 iam
913 4084 1050 4144 dubitare
1074 4085 1152 4144 licet.
1202 4085 1367 4158 Quomodo

196 4194 285 4270 igitur
308 4193 371 4252 fieri
398 4204 523 4269 poterat,
562 4205 592 4252 ut
616 4192 708 4252 Cestii
743 4192 882 4268 discipuli
907 4192 1109 4268 praeceptoris
1134 4191 1367 4252 declamationes

196 4300 385 4360 ediscerent?
406 4316 532 4376 210‚15.
581 4301 665 4374 Quas
690 4301 729 4358 ab
746 4300 812 4376 ipso
828 4299 923 4360 editas
940 4319 1005 4358 esse
1023 4300 1183 4374 quominus
1200 4299 1366 4375 opinemur,

196 4408 377 4484 impedimur
414 4408 548 4466 Senecae
587 4408 685 4466 verbis
727 4403 815 4488 (aq)
851 4408 943 4466 modo
980 4407 1087 4466 relatis.
1126 4408 1230 4465 Restat
1263 4405 1368 4482 triplex

196 4515 412 4592 interpretandi
438 4515 521 4574 ratio.
570 4517 731 4574 Potuerunt
755 4515 834 4574 enim
852 4515 1046 4574 declamatori
1064 4514 1268 4572 commentarii
1292 4515 1367 4572 exci-

197 4624 268 4684 dere
292 4624 391 4698 itaque
416 4635 520 4682 contra
544 4622 606 4682 eius
631 4623 813 4684 voluntatem
839 4623 951 4700 publici
976 4621 1045 4680 iuris
1063 4621 1126 4680 fieri
1151 4631 1200 4680 aut
1224 4624 1262 4680 ab
1288 4623 1368 4681 audi·
