3492 5508
865 446 1084 500 ,44-

492 623 598 681 Elucet
622 623 701 681 enim
718 623 796 681 hanc
813 624 1045 682 controversiam
1069 635 1138 683 ante
1153 643 1299 682 novorum
1318 625 1555 684 declamatorum

384 740 520 804 tempora
544 730 602 788 iam
627 731 738 788 dictam
763 749 836 789 esse.
886 733 923 788 Et
947 733 1055 790 multos
1080 732 1161 790 illam
1186 732 1418 790 controversiam
1443 731 1555 790 dixisse

385 847 519 912 apparet,
545 838 583 896 de
608 857 668 912 qua
692 840 808 896 Seneca
832 838 921 900 dicit:

473 944 616 1002 labienus
646 953 704 1002 tam
728 946 826 1003 diserte
848 946 1014 1004 declamauit
1028 955 1143 1022 partem
1173 948 1241 1014 eius,
1272 948 1324 1022 qui
1353 947 1479 1003 debilitat
1506 965 1554 1003 ex-

466 1054 581 1126 positos,
606 1073 693 1127 quom
710 1073 788 1110 nemo
805 1054 924 1111 alteram
942 1062 1064 1129 partem,
1089 1072 1150 1111 cum
1173 1053 1254 1110 illam
1271 1072 1363 1111 amnes
1379 1053 1557 1111 disertissimi

472 1161 531 1218 oiri
551 1160 627 1217 uelut
647 1141 689 1217 ad
708 1162 925 1235 experimentum
948 1181 1068 1218 suamrm
1092 1163 1197 1218 uirium
1221 1161 1349 1218 dixerint
1370 1163 1477 1236 489,1.

493 1268 628 1325 Eandem
652 1268 886 1325 controversiam
911 1277 941 1326 et
965 1288 982 1326 a
1000 1268 1124 1326 Graecis
1141 1279 1170 1327 et
1186 1287 1203 1326 a
1220 1267 1334 1326 Latinis
1352 1268 1552 1326 declamatam

385 1393 460 1443 esse,
485 1375 530 1432 his
555 1376 689 1432 Senecae
713 1374 810 1432 verbis
836 1375 993 1450 probatur:

471 1483 579 1540 celebris
613 1483 682 1539 laec
720 1483 801 1556 apud
836 1481 956 1540 Graecos
999 1485 1184 1541 controuersia
1220 1490 1278 1552 est‚·
1312 1482 1400 1539 inulta
1436 1483 1472 1539 ab
1494 1482 1554 1538 illis

465 1589 583 1664 pulchre
598 1590 669 1646 dicta
685 1596 759 1658 sunt,
776 1609 794 1646 a
812 1591 913 1664 quibus
927 1609 981 1647 non
992 1590 1188 1648 abstinuerunt
1201 1608 1304 1647 manus
1315 1590 1406 1646 nostri
1420 1592 1551 1663 489,1q.

493 1697 575 1755 ldem
611 1699 704 1754 altero
740 1697 808 1754 loco
844 1697 1037 1754 confirmatur
1070 1715 1131 1771 quo
1164 1708 1324 1772 postquam
1361 1697 1399 1754 dc
1435 1695 1553 1754 Latinis

382 1803 530 1873 disseruit,
555 1803 595 1861 ita
619 1805 735 1862 Seneca
758 1803 913 1861 continuat
937 1823 1105 1862 sermonem
1129 1815 1161 1861 ut
1184 1804 1281 1863 dicat:

474 1911 579 1968 Graeci
610 1911 691 1984 nefas
719 1918 897 1986 putauerunt
921 1919 978 1986 pro
1012 1912 1174 1968 Parrleasio
1208 1912 1311 1981 elicere,¹
1341 1930 1435 1969 earnes
1468 1911 1554 1967 ellum

471 2026 688 2092 accusaverunt;
712 2019 742 2074 in
766 2018 868 2075 eosdem
892 2037 988 2076 sensus
1010 2020 1193 2076 incurrerunt
1215 2035 1343 2094 501,20.

489 2127 671 2200 Frequenter
707 2125 787 2182 illam
825 2125 987 2196 suasoriam
1023 2125 1133 2184 dictam
1170 2144 1235 2184 esse
1270 2135 1396 2196 constat,
1427 2126 1465 2183 de
1489 2143 1553 2200 qua

382 2233 514 2290 Senecae
538 2233 630 2290 verba
654 2233 729 2290 haec
752 2244 833 2290 sunt:

469 2339 556 2397 solent
576 2340 731 2397 scholastici
751 2340 942 2397 declamitare:
965 2339 1100 2397 deliberat
1125 2340 1217 2398 Cicera
1239 2359 1281 2415 sq.
1309 2341 1414 2415 566,6.

487 2447 595 2521 Neque
618 2449 714 2504 solum
739 2447 827 2504 variis
851 2446 1035 2521 temporibus
1052 2447 1173 2505 easdem
1191 2447 1409 2504 controversias
1426 2446 1553 2504 averiis

383 2553 635 2611 declamatoribus
660 2554 756 2611 dictas
780 2572 854 2619 esse.
880 2554 934 2611 sed
958 2554 1106 2611 interdum
1130 2553 1236 2612 iisdem
1261 2555 1322 2612 iere
1346 2553 1452 2611 diebus
1477 2553 1552 2612 inde

379 2661 530 2736 probatur,
549 2662 631 2736 quod
648 2661 754 2718 Vibius
776 2661 880 2720 Gallus
898 2661 1024 2718 eandem
1044 2660 1287 2730 controversiam,
1306 2679 1396 2735 quam
1412 2660 1548 2736 Papirius

380 2767 530 2826 Fabianus
555 2769 678 2837 dixerat,
704 2779 824 2844 postero
849 2768 899 2826 die
923 2767 1102 2826 declamavit
1131 2787 1257 2836 121‚11,
1276 2768 1409 2825 Blandus
1426 2779 1547 2842 postero

381 2875 431 2934 die
455 2876 593 2946 eandem,
620 2895 709 2950 quam
732 2876 794 2934 Silo
819 2875 979 2950 Pompeius
999 2877 1105 2950 78,19.
1153 2874 1269 2933 Cestius
1286 2875 1413 2932 eandem
1431 2885 1547 2932 contro·

378 2982 505 3040 versiam
531 2995 621 3057 atque
645 2982 790 3040 Albucius
814 2993 843 3040 ct
867 2982 1000 3040 Blandus
1025 2981 1132 3039 iisdem
1158 2983 1218 3040 lere
1243 2981 1350 3040 diebus
1368 2982 1549 3041 declamavit

379 3105 473 3164 49,15
501 3101 590 3164 atque
623 3089 711 3148 aliam
743 3089 986 3162 controversiam,
1023 3107 1113 3163 quam
1148 3088 1293 3146 Albucius
1327 3089 1450 3161 dixerat,
1485 3108 1548 3147 non

378 3197 471 3254 multo
496 3208 564 3272 post
588 3199 667 3255 hunc
691 3197 906 3256 declamavisse
930 3196 1046 3254 videtur
1073 3214 1178 3271 272,9.

1731 975 1737 1056 l
