3492 5508
886 423 1107 478 ..14-

520 598 613 672 Quod
646 609 676 658 ut
710 618 939 675 cognoscamus,
977 601 1193 660 exordiendum
1227 613 1271 661 est
1305 602 1343 660 ab
1374 601 1410 659 iis
1444 619 1519 676 quae
1537 601 1566 660 de

413 707 543 764 Laortne
567 707 711 782 legimus:

503 815 663 885 (Turrinus
706 814 819 872 Clodius
850 819 948 889 pater)
988 833 1144 890 numquam
1183 837 1239 875 non
1277 817 1310 874 de
1348 817 1434 874 colare
1463 817 1570 873 Latroni

501 923 716 978 controuersiam
743 921 821 996 fecit.
869 921 961 978 Latro
989 941 1145 996 numquam
1179 923 1284 981 solebat
1304 924 1447 998 disputare
1469 924 1498 980 r'n
1523 941 1569 979 cnu-

501 1030 576 1086 rn'vio
599 1035 652 1086 aut
672 1028 729 1085 alic
751 1047 839 1102 quam
862 1047 918 1103 qne
940 1029 1095 1086 declamare
1103 1037 1218 1104 poterat
1230 1038 1358 1105 tempore.
1385 1031 1491 1088 dicebat
1503 1049 1570 1104 quos·

502 1135 569 1192 dum
592 1153 647 1191 esse
669 1114 769 1192 cilones
785 1137 886 1209 prima
900 1135 980 1209 facie
1009 1136 1095 1194 duros
1127 1144 1154 1194 et
1183 1146 1317 1214 asperos:
1346 1156 1389 1194 eos
1421 1155 1477 1194 non
1506 1145 1572 1212 posse

503 1244 561 1300 nisi
581 1244 685 1299 actione
700 1243 825 1316 probari
847 1244 953 1318 455,6.

522 1334 656 1407 Apparet
679 1331 767 1406 igitur
790 1332 926 1390 homines
951 1333 1057 1390 doctos
1091 1331 1290 1408 disputavisse
1313 1332 1435 1407 quidem
1461 1333 1499 1390 de
1521 1333 1573 1390 rhe-

414 1439 510 1498 torica
545 1458 606 1496 non
630 1439 726 1496 solum
751 1438 780 1495 in
806 1438 927 1502 scholis.
964 1438 1132 1496 sedetiam
1163 1439 1193 1496 in
1218 1439 1373 1508 conviviis,
1399 1440 1574 1498 declamasse

416 1565 485 1605 vero
522 1565 574 1604 eos
610 1557 691 1604 extra
718 1546 853 1604 scholam
878 1564 940 1602 non
965 1545 1081 1604 videtur
1104 1546 1263 1604 verisimile
1287 1565 1363 1606 esse.
1412 1547 1513 1620 Quare
1535 1565 1574 1614 en,

417 1673 495 1730 quae
519 1654 557 1712 de
582 1655 713 1712 Latrone
738 1663 904 1722 narrantur,
940 1653 979 1711 ad
1004 1653 1138 1710 scholam
1174 1654 1282 1712 referre
1306 1654 1451 1729 cogimur,
1486 1672 1577 1728 neque

417 1781 486 1819 vero
510 1761 548 1819 ad
573 1760 712 1818 Latronis
737 1761 880 1818 scholam.
929 1760 1006 1817 Nam
1031 1769 1062 1817 ut
1086 1760 1263 1830 concedam,
1301 1761 1367 1818 istic
1402 1761 1577 1836 disputatum

416 1888 490 1937 esse,
527 1887 680 1942 nunquam
714 1867 787 1925 mihi
827 1866 1054 1942 persuadebitur
1085 1868 1256 1936 Latronem,
1291 1887 1381 1942 quem
1415 1868 1445 1926 in
1484 1868 1579 1924 schola

416 1996 469 2034 sua
493 1976 589 2051 ipsum
624 1984 739 2032 tantum
764 1974 951 2032 declamasse
982 1973 1189 2049 cognovimus,
1214 1974 1292 2034 adeo
1318 1974 1452 2049 iniquum
1486 1975 1579 2042 fuisse,

417 2096 447 2142 ut
472 2084 546 2141 alios
570 2102 587 2140 a
611 2081 794 2156 disputando
826 2081 865 2139 ad
889 2081 1120 2141 declamandum
1155 2081 1279 2140 transire
1312 2101 1417 2157 passus
1448 2101 1510 2140 non
1538 2082 1580 2148 sit,

417 2191 480 2266 ipse
517 2191 576 2247 hoc
614 2189 725 2246 fecerit.
774 2188 864 2261 Quae
888 2188 912 2245 si
937 2201 1017 2246 recte
1040 2189 1280 2258 diiudicavimus,
1312 2191 1473 2248 Latronem
1506 2199 1582 2264 patet

418 2299 447 2356 in
483 2298 607 2356 aliorum
641 2296 791 2354 rhetorum
826 2296 936 2353 scholis
971 2307 999 2353 et
1031 2297 1182 2372 disputare
1217 2307 1245 2354 et
1274 2296 1350 2354 inter
1373 2296 1582 2372 disputandum

417 2406 586 2464 declamare
611 2403 750 2478 potuisse.

976 2540 1037 2598 13.

526 2655 645 2729 Quibus
681 2653 808 2730 cognitis
834 2649 895 2711 iam
932 2654 970 2712 ad
995 2653 1085 2712 alium
1121 2654 1221 2712 locum
1257 2653 1380 2730 aggredi
1415 2655 1584 2718 audeamus,

419 2763 470 2837 qui
495 2762 667 2837 diligentius
691 2761 807 2818 videtur
830 2759 1068 2836 interpretandus
1093 2780 1167 2830 esse,
1193 2761 1259 2819 lites
1280 2761 1350 2819 dico
1368 2761 1499 2820 Othonis
1520 2761 1587 2838 Juni

419 2869 534 2944 Syriaci
559 2868 647 2938 Valli,
673 2867 756 2942 Nigri
781 2868 916 2926 Bruttedi
945 2885 1057 2944 125,15
1084 2868 1265 2944 Incipiamus
1289 2881 1387 2927 autem
1414 2871 1454 2927 ab
1478 2870 1542 2928 his:

513 2977 587 3034 Otto
594 2978 705 3054 snmus
728 2976 837 3033 nnllam
854 2995 912 3033 rem
935 2984 1038 3033 certam
1055 2978 1161 3051 posuit,
1178 2977 1228 3035 sed
1243 2984 1353 3034 tannem
1376 2978 1588 3034 circumuentam

508 3105 527 3141 n
551 3086 613 3142 uiro
628 3085 769 3142 mulierem
792 3085 897 3157 egregie
919 3085 1068 3153 tractauit;
1090 3085 1168 3140 mins
1190 3085 1259 3141 actio
1280 3103 1367 3158 queam
1384 3085 1461 3141 rutilis
1474 3085 1588 3158 suisset,

508 3193 602 3249 statim
637 3192 776 3267 amonuit
801 3191 895 3264 ntegro
918 3189 1066 3247 Bruttedio
1100 3191 1210 3260 dicente,
1245 3193 1297 3264 qui
1327 3191 1378 3248 troc
1407 3191 1493 3249 colore
1523 3209 1591 3248 usus

508 3307 563 3356 est:
586 3299 746 3355 arcessitum
770 3317 789 3353 a
812 3297 922 3354 dominc
945 3315 1056 3355 seranum
1085 3301 1188 3370 126,7.

529 3405 617 3478 Quae
641 3405 733 3462 verba
756 3403 828 3480 quin
852 3404 892 3462 ita
917 3403 1119 3479 intellegenda
1143 3404 1210 3474 sint,
1237 3414 1267 3461 ut
1291 3415 1319 3462 et
1344 3404 1496 3464 Othonem
1511 3404 1591 3481 Juni-

421 3532 470 3570 um
495 3521 524 3570 et
547 3513 672 3588 Nigrum
697 3512 881 3570 Bruttedium
907 3521 1024 3585 aparte
1048 3511 1124 3569 servi
1149 3513 1195 3570 vel
1220 3511 1350 3570 mulieris
1374 3512 1592 3570 declamavisse

421 3621 567 3690 dicamus,
601 3620 649 3676 vix
681 3630 753 3695 puto
777 3619 849 3692 sore,
876 3619 927 3694 qui
960 3619 1085 3678 dubitet.
1134 3620 1240 3695 Neque
1271 3630 1324 3686 est,
1351 3619 1434 3694 quod
1458 3620 1516 3677 hoc
1540 3619 1591 3676 mi-

422 3747 528 3797 remur,
554 3728 696 3802 qnoniam
723 3727 798 3785 inter
821 3729 1034 3804 disputandum
1060 3729 1254 3787 scholasticos
1279 3728 1369 3787 etiam
1393 3728 1591 3792 declamasse,

423 3834 619 3909 disputavisse
643 3853 723 3906 veru,
749 3853 816 3892 cum
841 3836 1040 3893 declamatum
1065 3847 1137 3904 erat,
1162 3836 1221 3893 iam
1247 3835 1452 3910 cognovimus.

531 3941 629 3999 Maior
663 3941 824 4000 difficultas
858 3942 929 4000 inde
960 3942 1060 4012 oritur,
1086 3943 1168 4017 quod
1192 3943 1231 4001 de
1255 3943 1368 4018 Syriaci
1391 3941 1472 4000 Valli
1497 3941 1593 4018 prima

424 4060 452 4106 et
476 4048 610 4106 secunda
634 4049 753 4108 actione
778 4069 876 4108 sermo
901 4061 952 4108 est.
1002 4050 1071 4107 Alio
1095 4049 1174 4108 enim
1199 4051 1268 4108 loco
1293 4051 1408 4108 Seneca
1432 4049 1490 4109 ait:

512 4157 601 4214 Hanc
626 4159 839 4215 controversiam
872 4177 978 4231 niagno
999 4166 1074 4232 pars
1106 4157 1322 4216 declamaturum
1349 4159 1388 4214 sic
1409 4158 1492 4226 dixr't,
1520 4158 1598 4216 velut

512 4283 567 4321 non
600 4266 814 4322 controuersiam
849 4265 991 4334 diuideret,
1019 4264 1069 4322 sed
1099 4267 1309 4334 accusationem,
1344 4265 1480 4338 qncnrodo
1509 4265 1599 4323 solent

512 4372 646 4429 ordinare
679 4373 811 4429 acteonem
846 4391 928 4430 snam
964 4374 994 4430 in
1020 4373 1100 4448 forn,
1124 4375 1177 4448 qui
1199 4375 1296 4450 primo
1318 4373 1374 4430 luco
1396 4380 1541 4442 accusant·
1564 4373 1595 4429 in

513 4479 681 4547 scholastica,
718 4481 786 4552 querit
819 4499 874 4536 non
898 4480 1003 4538 (duobus
1026 4480 1128 4538 de'cztnr
1149 4481 1221 4549 loris,
1244 4489 1353 4556 scrrrprr
1374 4499 1429 4538 non
1452 4479 1595 4536 dicendum

514 4592 633 4652 teritum,
658 4585 707 4642 sed
726 4586 943 4661 respondendum
966 4593 1013 4644 est.
1039 4588 1147 4662 498,5.
