3492 5508
857 332 1076 384 „24-

382 510 468 566 dicere
490 530 576 584 quum
605 509 725 567 Cestium
749 517 802 566 eut
824 510 975 567 Latronem
1004 526 1108 582 210,7,
1146 519 1175 567 et
1207 510 1246 566 de
1282 508 1363 566 Cesti
1398 509 1550 584 discipulis

383 617 469 674 dicit:

472 726 505 781 tu·
525 744 580 781 recu
603 732 713 780 tautum
730 724 918 780 disertissimis
933 725 1013 792 uiris,
1037 743 1106 798 quos
1122 724 1213 798 perulo
1228 731 1293 780 aute
1308 724 1411 792 rettuli,
1433 721 1552 780 Cestium

472 851 553 888 seeum
577 832 758 906 prterferuut,
790 830 840 886 sed
863 832 947 886 etium
976 831 1104 887 Ciceroni
1131 832 1322 904 praeferrent,
1358 832 1416 888 eresi
1448 829 1553 904 lapides

472 942 606 996 te'ruereut.
653 958 708 1012 pecu
731 945 823 994 tuueeu
847 957 903 994 urm
919 938 998 994 rreudo
1015 945 1144 1012 pessunt,
1162 939 1352 1013 prceeferuut,·
1374 939 1460 994 buius
1481 939 1551 994 euim

472 1047 682 1103 eel'cleruatiuues
698 1046 828 1112 ediscunt,
852 1045 929 1102 illias
948 1046 1086 1104 creationes
1101 1065 1156 1103 mou
1179 1046 1275 1118 legunt
1296 1047 1354 1102 uisi
1373 1065 1431 1114 eus,
1454 1046 1552 1120 quibus

478 1154 583 1211 Cestius
606 1153 747 1227 rescripsit
772 1171 898 1219 210,12.

493 1260 619 1318 Gravius
645 1259 733 1317 etiam
760 1261 878 1317 Seneca
902 1260 940 1317 de
964 1259 999 1317 iis
1021 1259 1216 1334 temporibus,
1242 1260 1351 1334 quibus
1368 1260 1461 1318 libros
1485 1279 1552 1318 suos

384 1368 572 1443 conscripsit,
598 1367 729 1441 queritur
754 1367 798 1424 his
822 1367 937 1424 verbis:

473 1494 546 1532 errem
559 1475 667 1532 cuilibet
679 1476 831 1532 brutiuuem
849 1476 878 1530 iu
903 1475 1012 1532 Verrem
1025 1482 1083 1532 tuto
1098 1475 1160 1531 licet
1174 1476 1260 1532 dicere
1269 1484 1326 1550 pru
1341 1495 1404 1534 suu.
1425 1492 1550 1551 544,10.

493 1726 581 1798 Quae
605 1743 672 1782 cum
698 1724 739 1781 ita
763 1725 830 1793 sint,
856 1726 918 1782 fere
943 1723 1047 1781 mirum
1072 1725 1188 1782 videtur
1211 1735 1254 1782 tot
1278 1737 1411 1783 oratores
1436 1727 1552 1784 sclrolas

386 1834 602 1906 frequentasse,
639 1833 677 1889 de
712 1851 772 1906 quo
809 1851 889 1888 nunc
925 1832 1105 1889 accurratius
1133 1851 1265 1907 agemus.
1314 1835 1470 1890 Motanum
1496 1835 1552 1891 Vo-

386 1941 508 2007 tienum,
546 1940 596 2014 qui
633 1940 832 1997 declamando
869 1958 967 2014 neque
1002 1939 1132 1996 exerceri
1157 1940 1277 1997 volebat
1301 1959 1398 2014 neque
1423 1941 1550 2016 gloriari,

387 2059 485 2104 tamen
529 2046 745 2104 declamavisse
781 2046 839 2103 iarn
876 2045 1081 2120 cognovimus,
1095 2041 1118 2120 ¹)
1176 2046 1297 2104 Cassius
1333 2048 1467 2116 SeveruS,
1503 2048 1552 2122 qui

385 2155 508 2211 nolebat
544 2155 713 2212 declamare
750 2153 815 2211 aliis
840 2173 928 2228 quam
961 2153 1197 2210 familiarissimis
1229 2153 1418 2212 audientibus
1449 2173 1552 2228 212,7,

387 2261 515 2318 faciebat
540 2272 638 2318 tamen
664 2260 754 2324 idem,
792 2261 874 2335 quod
904 2260 1040 2318 homines
1065 2261 1250 2318 scholastici:
1287 2261 1478 2320 declamabat
1501 2263 1552 2320 sci·

386 2369 464 2426 licet.
513 2369 584 2424 Erat
618 2379 714 2425 autem
741 2367 860 2425 Cassius
887 2368 1012 2425 Severus
1047 2368 1147 2425 valens
1183 2378 1291 2436 orator,
1328 2369 1410 2426 cuius
1434 2370 1553 2428 virtutes

388 2478 502 2533 Seneca
524 2475 626 2532 laudat
654 2494 779 2546 204,10.
830 2475 916 2547 Quae
941 2474 1044 2543 edidit,
1074 2491 1178 2549 205,7,
1204 2493 1271 2532 cum
1295 2475 1334 2533 de
1357 2488 1474 2535 oratore
1498 2477 1554 2536 dis·

387 2592 510 2650 seratur,
537 2582 696 2650 orationes
734 2601 794 2638 non
824 2581 1058 2640 declamationes
1083 2582 1221 2639 videntur
1244 2583 1342 2640 fuisse.
1391 2584 1553 2654 LabienuS,

387 2691 436 2747 ille
461 2709 586 2763 magnus
611 2700 719 2756 orator,
755 2689 805 2762 qui
830 2689 1075 2746 consuetudinem
1111 2688 1287 2748 admittendi
1313 2691 1416 2765 populi
1440 2701 1554 2766 turpem

388 2815 453 2854 esse
479 2797 612 2870 putabat,
646 2797 835 2854 declamabat
860 2789 1005 2870 tanien2).
1053 2796 1174 2853 Asinius
1199 2797 1295 2854 Pollio
1322 2805 1438 2866 „tantus
1460 2807 1558 2856 uratur

387 2904 507 2977 iuferius
531 2904 563 2959 id
582 2912 650 2977 apres
673 2905 781 2976 iugenio
800 2923 850 2960 suu
866 2904 968 2960 circuit‘
997 2920 1100 2978 225,9.
1149 2905 1266 2960 Tamen
1290 2907 1434 2973 „exerceri
1446 2907 1554 2980 quidem

387 3011 434 3067 illu
472 3011 587 3078 eseliau,
624 3011 750 3083 gloriari
772 3011 945 3085 fastidiebat
983 3027 1109 3085 225,10.
1184 3013 1289 3085 Itaque
1329 3013 1519 3070 declamabat
1532 3007 1555 3089 ³)

388 3130 479 3190 atrlue
519 3128 659 3192 nepotem
701 3137 784 3174 suurn
826 3117 1024 3176 declamando
1065 3117 1204 3184 exercuit,
1245 3119 1284 3176 ad
1319 3138 1408 3194 quem
1441 3139 1554 3178 succes-

387 3225 500 3282 sionem
538 3226 727 3300 eloquentiae
764 3244 835 3282 suae
866 3225 1013 3299 pertinere
1044 3225 1187 3283 credebat
1214 3229 1318 3293 226,2.
1365 3229 1469 3302 Itaque
1495 3247 1555 3284 non

387 3332 510 3389 dubium
553 3345 605 3399 est,
649 3333 720 3406 quin
762 3332 882 3389 Asinius
927 3333 1003 3390 lianc
1044 3333 1287 3391 exercitationem
1325 3335 1420 3391 futuro
1445 3335 1555 3392 oratori

388 3439 488 3496 utilem
514 3459 578 3496 esse
603 3439 823 3497 existimaverit.
872 3442 952 3496 lnter
976 3452 1090 3497 ceteros
1115 3449 1247 3497 oratores

476 3546 651 3603 Suturuiuus
661 3547 771 3603 birrius
786 3591 792 3604 .
807 3595 811 3605 .
826 3593 831 3603 .
847 3548 940 3603 maius
952 3567 1050 3604 uurueu
1063 3547 1257 3622 e'ufcroquum
1271 3550 1300 3605 iu
1313 3549 1557 3606 declamationibus

476 3655 591 3722 babuit·
606 3654 710 3710 solebat
730 3661 822 3710 turrreu
839 3662 897 3710 tum
921 3655 1029 3711 boueste
1045 3654 1209 3722 declamare,
1234 3663 1267 3711 ut
1287 3657 1368 3712 scires
1391 3655 1470 3712 illum
1494 3657 1559 3712 beeic

477 3762 612 3817 reuerteriue
635 3780 689 3818 meu
714 3762 806 3817 uu'uus
830 3762 957 3818 idumeum
973 3780 1038 3830 esse,
1062 3761 1112 3817 sed
1131 3762 1224 3818 miuus
1239 3761 1421 3836 fumiburem
1447 3782 1556 3837 329,1.

495 3869 541 3924 De
567 3867 673 3924 eodem
712 3868 900 3925 declamante
925 3870 958 3925 L.
984 3868 1107 3925 Lamiae
1143 3869 1204 3925 filio
1236 3869 1294 3926 iam
1319 3864 1558 3942 disseruimus⁴l

495 3975 622 4031 Scaurus
639 3976 815 4043 Mamercus,
841 3975 894 4032 fuit
911 3976 1021 4050 quidem
1045 3977 1125 4032 butue
1148 3976 1345 4032 disertissimus
1369 3996 1476 4052 42,13,
1502 3979 1557 4036 sed
