3492 5508
667 428 888 486 -33—

192 605 345 680 accepisse
379 605 452 663 mihi
487 605 611 664 videtur.
660 609 816 665 Praeterea
841 607 991 664 Messalae
1027 625 1136 664 nomen
1174 608 1203 664 in
1233 608 1365 665 Senecae

190 711 274 770 libris
304 731 371 770 raro
403 713 645 788 deprehenditur,
676 714 798 772 Latroni
824 733 905 782 ver0,
932 715 1065 772 Senecae
1102 715 1210 784 amic0,
1237 715 1365 772 Messala

192 838 361 878 sermonem
386 839 447 878 non
473 839 540 879 vere
564 821 688 880 latinum
713 822 863 880 obiecisse
887 822 995 880 dicitur
1024 823 1093 896 156,
1110 841 1137 896 3.
1185 822 1303 894 Quibus
1327 823 1365 879 de

192 927 300 994 causiS,
327 927 381 986 etsi
406 927 487 986 aliud
511 928 648 1004 Gruppio
673 929 774 1004 placet
787 924 819 1011 ¹),
847 931 977 987 Messala
1001 929 1076 986 inter
1094 930 1227 1002 Senecae
1252 929 1364 986 amicos

192 1053 254 1091 non
278 1033 394 1092 videtur
417 1035 618 1093 numerandus
643 1051 717 1092 esse.

300 1143 346 1199 De
370 1141 477 1198 Asinio
501 1142 637 1200 Pollione
663 1142 786 1216 Gruppe
820 1142 957 1201 disseruit
969 1136 1001 1218 ²).
1050 1145 1135 1200 Putat
1169 1154 1266 1200 autem
1298 1161 1365 1200 eum

193 1250 352 1306 Annaeum
377 1266 438 1305 non
464 1249 635 1323 frequenter
660 1249 689 1306 in
714 1261 818 1308 coetus
843 1267 912 1306 suos
930 1250 1102 1316 adscivisse,
1129 1251 1210 1324 quod
1235 1250 1262 1307 ei
1287 1249 1365 1306 vide-

193 1366 240 1412 tur
271 1355 341 1413 inde
377 1355 508 1430 probari,
543 1356 613 1431 quia
638 1357 754 1414 Seneca
778 1356 975 1430 Timagenem
1010 1375 1194 1432 cognoscere
1220 1357 1364 1414 debuerit.

195 1462 267 1536 Quo
285 1475 460 1538 argumento
478 1464 528 1533 uti,
554 1465 696 1538 quoniam
714 1447 910 1538 'l'imagenem
929 1464 1144 1521 declamavisse
1161 1483 1221 1521 non
1239 1474 1364 1530 constat,

193 1589 324 1645 aequum
356 1589 421 1628 esse
453 1589 514 1628 non
550 1571 674 1629 videtur.
723 1572 818 1628 Recte
854 1581 952 1628 autem
979 1572 1103 1646 Gruppe
1139 1565 1283 1644 iudicat3)
1307 1574 1366 1627 An-

194 1696 302 1735 naeum
327 1678 375 1745 de,
406 1695 452 1748 e0‚
485 1697 614 1752 quocum
640 1679 779 1736 diuturna
813 1677 943 1735 amicitia
968 1679 1144 1736 coniunctus
1175 1679 1277 1750 fuerat,
1305 1697 1364 1734 non

194 1783 343 1842 dicturum
367 1784 473 1842 fuisse:

283 1891 385 1949 audibi
405 1892 484 1949 illum
508 1899 535 1949 et
555 1893 671 1950 viridem
695 1899 721 1949 et
735 1899 834 1967 postea
857 1895 916 1949 iam
939 1911 1029 1949 senem
1057 1909 1192 1968 225,11.

303 2000 443 2058 Attamen
455 2018 545 2075 saepe
563 2000 592 2056 in
604 2001 735 2058 Senecae
745 2000 826 2057 libris
836 2000 931 2057 Asinii
945 1999 1088 2057 Pollionis
1098 2018 1159 2056 non
1170 1999 1233 2056 sine
1247 2017 1366 2056 venera·

196 2106 278 2164 tione
292 2106 405 2164 mentio
418 2107 459 2164 fit.
493 2107 600 2165 Senern
616 2126 681 2164 eum
697 2107 811 2164 Seneca
824 2108 944 2175 audivit,
960 2127 1027 2164 cum
1042 2108 1186 2164 Marcello
1201 2105 1367 2163 Aesernino

197 2212 300 2288 nepoti
333 2232 386 2271 suo
421 2214 506 2288 quasi
539 2214 735 2290 praeciperet,
762 2215 844 2288 quod
869 2215 940 2288 quin
966 2214 1061 2271 Asinii
1087 2213 1117 2271 in
1141 2214 1232 2270 domo
1258 2213 1366 2269 lactum

198 2320 244 2389 sit,
269 2319 317 2376 vix
334 2320 492 2396 quisquam
512 2321 670 2380 dubitabit.
720 2322 857 2380 Ceterum
876 2322 1011 2379 Asinium
1029 2322 1195 2378 Pollionem
1221 2321 1251 2376 in
1276 2320 1367 2377 domo

199 2445 251 2484 sua
276 2427 444 2508 declamare
477 2427 596 2485 solitum
629 2447 693 2486 esse
716 2429 764 2484 vix
788 2429 976 2486 crediderim.
1025 2428 1106 2486 Dicit
1130 2429 1209 2485 enim
1235 2428 1366 2484 Seneca:

287 2554 442 2607 numerum
475 2535 601 2592 adurisso
634 2536 809 2591 rtrultz'turline
841 2535 1014 2604 declamavit,
1049 2554 1096 2592 nec
1126 2535 1170 2591 illi
1199 2535 1312 2590 irrrrbitio
1339 2535 1369 2590 in

287 2641 386 2697 studiis
409 2641 513 2717 dcfltt't;
531 2644 646 2718 primus
661 2644 733 2698 enim
757 2643 882 2698 orrzm'um
898 2643 1095 2700 Buritanorum
1120 2642 1261 2698 arincam
1283 2641 1369 2696 hunri-

288 2749 369 2804 nibus
392 2749 494 2824 scripta
517 2768 570 2805 sna
594 2750 722 2806 recitavit
747 2765 804 2824 225
832 2769 859 2823 3.

307 2855 402 2928 Quae,
427 2855 451 2912 si
468 2855 622 2914 advocatis
644 2856 816 2913 hominibus
832 2855 952 2913 Asinius
977 2856 1214 2924 declamavisset,
1241 2854 1370 2912 absurda

201 2974 310 3021 essent.
360 2962 390 3020 Si
407 2980 478 3019 vero
495 2962 616 3020 Asinius
642 2964 680 3021 ad
698 2963 934 3021 declamationes
959 2980 1026 3019 suas
1045 2962 1209 3020 arrdiendas
1233 2960 1370 3018 homines

200 3089 262 3127 non
281 3069 446 3138 advocavit,
472 3069 502 3126 in
527 3070 619 3128 domo
645 3089 697 3128 sua
723 3088 791 3128 eum
816 3069 1031 3128 declamavisse
1048 3088 1108 3126 non
1134 3080 1178 3126 est
1201 3068 1369 3126 verisimile.

203 3177 273 3251 Qua
296 3177 334 3234 de
358 3195 457 3245 causa,
484 3177 566 3251 quod
592 3178 708 3236 Seneca
732 3177 822 3240 dicit:

292 3285 406 3340 memini
427 3284 504 3340 intra
528 3291 663 3358 peractum
687 3286 768 3354 diem,
792 3305 878 3359 qaam
902 3283 1024 3341 Herium
1039 3283 1138 3358 filium
1162 3284 1306 3352 auriserat,
1331 3282 1372 3338 de·

292 3391 413 3448 clamare
428 3410 490 3448 eum
507 3392 593 3460 nobis,
617 3392 667 3448 sed
684 3399 762 3448 latito
784 3393 967 3448 vehementius
990 3410 1076 3464 qaum
1100 3410 1234 3465 scamnum
1262 3391 1332 3457 226,
1344 3405 1371 3464 5.

202 3499 273 3556 inde
297 3517 358 3555 non
382 3498 526 3572 probatur
552 3499 697 3556 Senecam
723 3499 752 3554 in
777 3498 874 3555 Asinii
907 3499 1028 3554 domum
1054 3499 1223 3571 frequenter
1246 3496 1372 3565 venisse,

203 3607 257 3664 sed
283 3604 417 3663 Asinium
454 3605 572 3680 saepius
609 3606 750 3664 audiente
775 3607 890 3663 Seneca
925 3605 1150 3671 declamavisse,
1187 3605 1269 3678 quod
1301 3603 1374 3677 quin

204 3713 234 3770 in
258 3712 368 3769 scholis
385 3713 495 3769 sactum
521 3713 566 3780 sit,
593 3713 734 3787 quoniam
760 3712 870 3770 totiens
893 3712 1012 3770 Asinius
1038 3731 1105 3768 cum
1130 3711 1296 3768 rhetoribus
1319 3711 1375 3768 dis·

205 3832 312 3896 putans
345 3819 502 3889 inducitur,
537 3839 598 3878 non
630 3831 672 3877 est
697 3839 748 3876 cur
777 3819 957 3877 dubitemus
1006 3819 1112 3893 Neque
1137 3837 1206 3875 vero
1232 3819 1375 3875 audacius

204 3937 258 3996 est,
295 3927 366 4002 quia
401 3927 522 3984 Asinius
558 3927 655 3985 Pollio
691 3927 821 3984 admissa
856 3926 1048 3986 multitudine,
1079 3946 1139 3983 non
1177 3926 1375 3994 declamabat,

205 4034 323 4110 opinari
357 4035 503 4109 quosdam
539 4045 643 4093 coetus
667 4035 766 4104 luisse,
804 4034 854 4108 qui
880 4035 1014 4092 Senecae
1038 4052 1134 4108 aeque
1159 4043 1247 4108 atque
1271 4032 1377 4090 Asinio

204 4141 356 4217 patebant.

314 4438 334 4506 ¹)
354 4442 458 4506 Gruppe
478 4441 494 4490 l.
514 4440 531 4490 l.
551 4457 608 4506 pag.
633 4441 675 4504 36.

314 4528 335 4595 ²)
355 4533 459 4595 Gruppe
478 4531 495 4581 l.
515 4531 531 4580 l.
552 4548 608 4594 pag.
630 4544 670 4592 29.

314 4617 335 4687 ⁸)
355 4621 459 4684 Gruppe
479 4621 495 4668 l.
515 4621 531 4668 l.
553 4637 609 4684 pag.
631 4633 664 4682 30
683 4620 741 4669 adn.
761 4632 803 4681 41.
