3492 5508
289 651 444 701 curatorem
468 647 495 701 ei
509 647 636 720 petebam
663 665 780 716 211,14
805 647 920 702 rnencini
940 645 1019 702 illum
1036 654 1093 721 pra
1120 645 1208 704 Galla
1232 646 1370 702 Numisia

288 751 370 824 apccd
387 754 569 809 centumuiros
592 754 750 810 tirocinium
767 761 872 827 ponere
896 772 1025 823 420,12.

305 898 456 970 Augustus
481 895 578 970 igitur,
605 895 742 970 quotiens
766 895 811 952 his
829 895 934 953 studiis
959 896 1095 964 vacabat,
1123 896 1151 952 in
1178 896 1295 954 scholas
1320 896 1367 954 de-

199 1003 351 1060 scendisse
369 1003 493 1062 videtur.
543 1005 636 1078 Quod
653 1004 732 1062 idem
752 1004 870 1061 Sosium
887 1003 993 1060 fecisse
1011 1022 1047 1060 eo
1072 1004 1167 1077 magis
1184 1004 1368 1061 credendum

199 1120 252 1178 est,
289 1111 361 1185 quia
396 1111 434 1168 de
459 1111 547 1169 Corvi
579 1113 683 1168 schola
718 1111 830 1168 mentio
863 1113 902 1168 fit.
929 1112 1026 1179 Certe,
1053 1111 1196 1184 quoniam
1221 1111 1369 1169 sententia

199 1219 262 1276 eius
287 1218 446 1288 ridebatur,
472 1239 533 1276 non
560 1220 640 1276 solus
658 1219 760 1276 Sosius
785 1219 888 1276 aderat
911 1238 968 1276 nec
992 1219 1042 1292 qui
1068 1218 1192 1277 aderant
1217 1220 1366 1276 tacebant.

200 1326 269 1399 Qua
286 1325 324 1382 de
348 1345 439 1384 causa
462 1326 551 1400 igitur
575 1326 661 1384 Sosio
680 1327 794 1384 Corvus
818 1325 1017 1383 declamavit?
1048 1327 1078 1384 Si
1102 1326 1131 1382 in
1157 1327 1259 1384 schola
1284 1326 1367 1394 dixit,

198 1431 276 1498 lecit,
303 1433 385 1506 quod
402 1444 606 1490 consueverat.
654 1435 811 1490 Praeterea
827 1433 929 1490 talium
946 1433 1075 1490 virorum
1092 1433 1218 1508 gratiam
1236 1434 1368 1491 rhetores

197 1559 258 1597 non
283 1540 500 1614 contempsisse
524 1541 611 1598 Fusci
648 1541 786 1616 exemplo
811 1542 963 1608 docemur,
990 1541 1040 1614 qui
1065 1561 1100 1599 ex
1117 1541 1252 1615 Vergilio
1276 1542 1368 1598 multa

198 1647 313 1704 trahere
342 1649 467 1714 solebat,
493 1655 526 1704 ut
546 1645 707 1705 Maecenati
727 1649 880 1722 imputaret
913 1642 1058 1722 (549,13l
1084 1659 1132 1705 aut
1157 1648 1292 1723 Augusti,
1317 1649 1368 1722 qui

197 1764 229 1810 ut
253 1755 291 1812 de
315 1755 446 1812 Cratone
471 1755 548 1813 bene
572 1766 741 1824 mereretur,
767 1755 910 1812 Passieno
936 1773 1003 1811 eum
1029 1755 1259 1822 commendavit,
1285 1755 1368 1829 (prod

196 1871 297 1919 tamen
322 1861 370 1917 hic
399 1880 460 1918 non
485 1861 606 1919 curavit.

304 2024 399 2080 Multo
431 2023 528 2080 minus
558 2033 655 2080 autem
688 2023 806 2080 Furium
832 2022 1019 2080 Saturninum
1056 2033 1109 2079 aut
1134 2023 1278 2080 Scaurum
1313 2043 1367 2098 pro

196 2130 467 2188 declamationibus
501 2131 657 2206 pecuniam
694 2130 846 2205 accepisse
871 2149 936 2186 cum
963 2129 1099 2204 Gruppio
1123 2131 1287 2204 putandum
1313 2142 1366 2188 est.

196 2241 272 2296 Sunt
305 2238 342 2295 de
366 2237 455 2295 Furio
480 2239 570 2295 haec:
597 2240 620 2294 is
652 2239 682 2294 in
706 2239 976 2305 haccontrouersia,
1010 2254 1070 2292 ciera
1094 2237 1130 2294 L.
1156 2237 1276 2294 Lamiae
1301 2239 1367 2312 filia

195 2346 371 2414 tercianam,
406 2346 482 2401 dixit
503 2364 608 2420 329‚4.
641 2346 678 2403 de
702 2346 831 2408 Scauro:
866 2345 1062 2400 declamantem
1086 2345 1247 2401 erudivimus
1274 2353 1301 2401 et
1321 2365 1366 2402 na-

195 2455 315 2510 uissume
329 2453 439 2527 quidem
457 2453 499 2509 M
500 2452 517 2509 ¹.
543 2453 649 2526 Lepido
661 2454 711 2521 ita,
724 2459 764 2521 ut,
777 2452 855 2526 quad
862 2451 1058 2526 difficillimcun
1070 2458 1141 2519 erat,
1155 2452 1208 2508 sibi
1218 2452 1370 2526 displiceret

197 2563 304 2632 448,7.
331 2560 448 2632 Quibus
467 2560 563 2617 verbis
583 2569 701 2634 praeter
724 2559 957 2616 declamantium
982 2569 1011 2615 et
1036 2558 1218 2616 audientium
1243 2560 1366 2617 nomina

196 2668 235 2724 de
259 2668 352 2725 altera
376 2667 595 2724 declamatione
619 2667 703 2736 nibil,
729 2667 767 2724 de
791 2667 882 2723 altera
906 2667 964 2722 hoc
982 2676 1096 2723 tantum
1120 2677 1254 2723 narratur
1278 2667 1364 2724 Sene·

195 2794 262 2832 cam
295 2793 371 2843 eam,
409 2775 534 2831 fortasse
569 2793 636 2830 cum
661 2773 739 2842 filiis,
765 2773 922 2831 audivisse.
948 2775 1114 2843 Praeterea,
1147 2792 1213 2830 cum
1238 2775 1365 2832 Scaurus

195 2883 262 2957 ipse
299 2881 355 2938 sibi
380 2881 568 2956 displicuisse
585 2881 710 2949 dicatur,
736 2881 814 2938 haud
852 2881 915 2938 scio
939 2900 986 2948 an,
1012 2891 1171 2955 postquam
1195 2881 1244 2938 hic
1268 2881 1364 2938 decla-

195 2987 296 3056 mavit,
323 2989 505 3063 disputatum
524 2989 569 3046 sit.
619 2988 748 3046 Pecunia
770 2987 857 3063 igitur
881 3000 1004 3062 accepta
1030 2989 1084 3044 bos
1109 2987 1219 3046 dixisse
1242 3008 1280 3046 ne
1305 3009 1364 3046 uno

110 3128 114 3134 ·
195 3095 316 3170 quidem
341 3096 435 3153 verbo
459 3097 611 3170 probatur.
661 3097 798 3168 Accedit,
829 3114 889 3169 quo
913 3095 1008 3168 magis
1036 3095 1162 3170 Gruppii
1187 3096 1363 3154 sententiam

194 3202 326 3277 recipere
362 3222 523 3270 vereamur,
550 3203 633 3277 qriod
657 3203 747 3260 ambo
772 3203 866 3259 nobili
890 3203 958 3259 loco
983 3202 1045 3259 nati
1070 3213 1162 3268 erant,
1190 3203 1364 3260 Saturninus

194 3310 299 3366 Furius
323 3313 416 3367 mains
436 3331 533 3368 uotiua
549 3313 578 3368 in
594 3312 665 3385 fara
688 3330 774 3384 quara
799 3312 828 3366 in
844 3311 1087 3366 declamationibus
1109 3310 1211 3366 babeat
1231 3309 1363 3387 (329,2).

195 3418 265 3490 Qua
300 3417 338 3475 de
374 3435 464 3475 causa
495 3437 593 3492 neque
628 3429 659 3474 ut
684 3417 867 3475 audientium
903 3416 1028 3491 gratiam
1064 3417 1122 3473 sibi
1158 3417 1363 3486 conciliarent,

194 3528 322 3583 Scaurus
358 3537 386 3583 et
411 3525 585 3583 Saturninus
621 3526 807 3583 declamasse
843 3523 914 3580 mihi
947 3523 1092 3580 videntur.
1147 3524 1253 3598 Neque
1285 3525 1363 3581 enim

192 3643 254 3690 tam
282 3633 434 3690 nobilibus
459 3632 527 3689 viris
552 3632 791 3690 declamantibus
824 3631 974 3689 auditores
1006 3631 1136 3688 defuisse
1161 3631 1277 3706 opinor,
1303 3651 1364 3688 non

192 3739 289 3814 magis
326 3759 415 3813 quam
448 3741 483 3798 L.
511 3740 622 3814 Magio,
649 3740 699 3814 qui
726 3759 809 3796 suum
835 3739 977 3814 populum
1003 3738 1116 3806 babuit,
1142 3739 1213 3812 quia
1237 3740 1272 3795 T.
1299 3739 1364 3795 Livi

191 3865 285 3922 gener
324 3860 386 3905 crat
438 3843 573 3927 (447,2).
637 3846 773 3906 Occurrit
821 3845 903 3914 mihi,
956 3845 1038 3920 quod
1078 3846 1199 3903 Cassius
1239 3847 1364 3903 Severus

191 3953 282 4013 dicit:

283 4082 333 4138 uix
357 4083 415 4137 iam
439 4081 558 4138 obtineri
578 4081 653 4148 solet,
671 4087 704 4136 ut
724 4080 885 4149 declamcm,·
908 4079 982 4136 illud
1001 4079 1119 4136 obtineri
1140 4099 1195 4136 nan
1212 4086 1310 4154 potest,
1335 4087 1368 4136 ut

283 4187 363 4246 uelim
387 4188 453 4244 aliis
476 4207 562 4262 quam
578 4188 822 4261 familiarissimis
845 4187 1020 4244 audientibus
1047 4204 1151 4260 212,7.

189 4335 273 4407 Ergo
298 4331 419 4389 Cassius
444 4331 568 4388 Severus
593 4331 623 4387 in
641 4331 828 4387 familiarium
854 4329 979 4404 gratiam
997 4329 1196 4387 declamabat.
1248 4330 1364 4402 Quidni

188 4438 302 4516 potiuS,
320 4437 344 4495 si
372 4439 493 4512 quidem
512 4438 655 4513 suspicari
672 4437 750 4506 licet,
769 4439 807 4495 de
825 4439 936 4495 Scauro
954 4447 982 4495 ct
998 4437 1087 4494 Furio
1102 4437 1182 4494 idem
1199 4447 1362 4495 statuamus

187 4547 269 4606 sicut
293 4545 413 4602 Asinius
449 4564 570 4620 quoque
606 4556 674 4620 post
704 4545 827 4602 Herium
864 4553 1011 4602 mortuum
1041 4544 1143 4601 amicis
1183 4544 1363 4602 declamavit

191 4655 268 4722 226,
274 4669 300 4728 5.
337 4652 504 4728 Gruppium
520 4652 642 4727 quidem
657 4652 842 4726 sisequimur,
859 4651 919 4710 duo
937 4662 1049 4710 restant
1061 4652 1130 4722 loci,
1141 4651 1249 4726 quibus
1263 4652 1301 4709 ad
1315 4652 1363 4710 de·
