3492 5508
870 395 1069 452 ..8.-

384 591 548 660 incidissent,
573 591 696 648 indicare
719 598 745 648 et
765 592 792 648 si
813 611 870 665 qua
895 591 1044 648 memoriae
1067 592 1125 648 cias
1147 592 1270 648 inondum
1293 591 1389 668 elapsa
1412 596 1500 646 asserit
1520 589 1555 646 ab

385 673 446 755 iiia
464 699 535 755 eiiii
559 699 682 772 cicinni
706 699 784 774 (ni)
808 697 980 773 respondit:

465 805 535 878 fiat,
559 806 637 879 quad
655 805 755 863 uultis:
778 807 909 862 mittatur
929 824 1012 862 senex
1035 807 1065 862 in
1088 805 1194 862 selcalas
1219 809 1280 880 3,6.

385 914 420 968 In
447 911 556 968 scholis
594 911 690 986 igitur,
725 930 803 986 quae
839 931 875 969 ex
911 913 1055 970 memoria
1091 931 1143 970 sua
1170 911 1299 987 protulit,
1328 912 1444 969 Seneca
1468 911 1556 968 eolle-

386 1029 469 1094 gerat
493 1019 664 1093 scholisque
685 1038 797 1088 eorum,
817 1019 940 1094 quaein
966 1019 1051 1076 hssius
1068 1020 1151 1077 libris
1173 1029 1297 1088 exstant,
1323 1020 1412 1094 longe
1429 1019 1556 1094 plurima

387 1126 580 1184 attribuenda
605 1136 680 1184 sunt.

493 1235 526 1289 In
546 1233 656 1290 scholis
673 1243 769 1290 autem
788 1233 914 1308 primum
928 1244 1148 1308 praeceptores,
1166 1244 1197 1291 ut
1208 1243 1237 1292 et
1252 1234 1334 1309 ipsos
1348 1244 1377 1291 et
1392 1233 1556 1308 discipulos

387 1351 573 1409 exercerent,
602 1341 825 1408 declamabant,
862 1343 938 1398 sicut
963 1343 1105 1398 Marullus
1142 1362 1246 1417 13,14,
1279 1343 1391 1399 Fuscus
1428 1341 1556 1398 Arellius

391 1463 494 1522 553‚4.
544 1447 659 1506 Cestius
684 1448 752 1505 Pius
788 1448 816 1504 in
842 1449 946 1505 schola
982 1467 1036 1506 sua
1066 1449 1200 1506 recitavit
1232 1450 1261 1506 in
1287 1449 1432 1506 Milonem
1461 1467 1551 1515 211,1

387 1554 489 1629 ibique
514 1555 684 1614 declamare
708 1556 824 1614 videtur
851 1575 945 1630 ΖΜ)
970 1553 1106 1635 (272,5).
1155 1559 1203 1616 De
1227 1559 1357 1615 Latrone
1387 1568 1415 1615 et
1439 1553 1556 1612 Triario

389 1663 463 1718 haec
487 1674 570 1722 sunt:

476 1771 591 1826 nieruini
604 1770 758 1826 Latronem
781 1771 922 1838 Porcium,
958 1779 991 1826 ut
1011 1772 1195 1846 exprobraret
1224 1771 1298 1828 tiara
1324 1771 1458 1827 audiendi
1485 1771 1556 1826 scleo-

476 1876 579 1932 lasticis
601 1877 807 1949 neglegentiam,
830 1879 953 1934 tltcixime
970 1879 1038 1952 quia
1062 1879 1194 1934 Triarius
1209 1879 1389 1952 conpositione
1411 1878 1557 1934 nardorum

478 1983 542 2039 belle
565 1984 719 2040 cadentium
743 1985 843 2042 resultas
859 1985 1031 2042 scholasticas
1053 1986 1210 2054 delectabat,
1235 2005 1327 2042 orienes
1349 1985 1504 2059 decipiebat,
1528 1985 1558 2040 in

477 2091 602 2164 octodecim
629 2093 824 2160 cointraversia,
856 2109 916 2152 curri
945 2112 1051 2165 magna
1067 2094 1176 2168 plorasi
1189 2093 1336 2167 fluoretet
1355 2094 1498 2159 concitata,
1522 2091 1561 2147 sic

477 2199 563 2254 lactem
597 2198 771 2255 conclusisse:
814 2199 888 2254 inter
921 2199 1066 2273 scpulclira
1106 2205 1283 2256 monumenta
1325 2205 1404 2262 sunt:
1441 2204 1468 2254 et
1498 2214 1557 2253 cum

477 2303 631 2360 scholastici
659 2306 784 2360 ereaaima
821 2305 940 2362 clamare
970 2305 1131 2374 laudarent,
1160 2307 1280 2361 innectas
1307 2315 1346 2361 cst
1383 2306 1412 2360 in
1447 2323 1500 2373 eos,
1529 2310 1562 2360 nt

478 2411 578 2476 delicit,
610 2419 636 2466 et
662 2411 712 2467 lioc
733 2411 826 2484 ffcit,
852 2419 885 2468 at
905 2413 935 2468 iu
959 2413 1071 2469 relicum
1094 2413 1178 2468 etiam
1201 2431 1274 2486 qaae
1297 2412 1361 2468 bene
1383 2412 1456 2468 dieta
1478 2417 1562 2468 eraut

480 2518 591 2574 tardius
614 2518 768 2574 laudarent
790 2538 919 2592 310‚10.

499 2644 571 2699 Item
597 2642 797 2717 comperimus
821 2643 859 2700 de
883 2642 1017 2702 Triario:

481 2749 631 2819 (Triarius
654 2750 886 2818 discerno-enm
914 2751 1136 2808 scholasticorum
1160 2770 1268 2808 summa
1282 2751 1405 2824 fragore
1433 2754 1535 2826 148,9.

392 2875 568 2932 Accusatius
605 2875 643 2932 de
679 2875 865 2933 scholasticis
896 2877 1033 2934 Latronis
1070 2887 1099 2935 et
1130 2878 1255 2936 Nicetae
1289 2877 1560 2935 declamationibus

393 2981 503 3057 agitur:

481 3109 566 3163 ireque
596 3091 667 3145 enim
698 3091 742 3146 illi
763 3110 821 3147 ireos
843 3099 908 3147 erat
928 3111 1089 3166 queriqaarn
1113 3092 1214 3149 audire
1237 3092 1453 3162 declanianteai;
1475 3093 1560 3148 decla-

481 3198 579 3253 mabat
599 3199 656 3271 ipse
670 3204 779 3253 tardum
796 3205 823 3254 et
835 3199 930 3254 aiebat
944 3218 972 3254 se
987 3219 1042 3256 nan
1064 3219 1118 3256 esse
1133 3201 1311 3272 astigitanae,
1335 3200 1385 3256 sed
1396 3200 1562 3274 exerrplam

480 3322 528 3361 rece
549 3305 602 3360 alli
633 3305 686 3360 alii
722 3307 862 3379 coritigissc
885 3308 937 3363 scio
960 3327 1047 3380 quam
1083 3308 1164 3382 apud
1198 3307 1318 3364 Graecos
1350 3307 1452 3374 ll'iccti,
1485 3307 1566 3381 apud

481 3413 626 3468 Romanos
650 3411 781 3480 Latroni,
806 3420 839 3468 nt
859 3413 988 3487 discipali
1014 3434 1069 3470 nou
1092 3414 1192 3470 audiri
1212 3414 1410 3482 desiderarent,
1434 3413 1484 3470 sed
1502 3431 1560 3470 can·

481 3520 549 3574 tenti
569 3526 656 3574 esseut
678 3519 786 3576 resedire.
818 3520 897 3576 initio
926 3521 1103 3576 contumeliae
1125 3538 1211 3577 caasa
1234 3540 1253 3577 a
1277 3521 1461 3577 deridentibus
1484 3520 1560 3576 disci-

475 3625 542 3700 puli
563 3625 699 3681 Latronis
728 3626 869 3682 auditores
900 3627 1088 3696 oocalniutur,¹
1115 3628 1211 3684 deinde
1242 3629 1272 3684 in
1295 3647 1347 3683 usa
1372 3628 1484 3684 oerbam
1507 3646 1562 3684 csse

481 3734 566 3806 coepit
585 3739 612 3788 et
626 3735 782 3807 promiscae
799 3735 873 3808 pani
886 3743 944 3808 pro
966 3735 1097 3809 discipula
1120 3735 1235 3793 auditor
1257 3754 1363 3810 3qz,q.

500 3839 597 3914 Negat
616 3840 703 3914 igitur
720 3841 835 3898 Seneca
852 3841 933 3916 apud
952 3840 1078 3898 Niceten
1103 3841 1276 3916 discipulos,
1303 3842 1382 3916 apud
1400 3843 1560 3899 Latronem

393 3966 575 4022 quemquam
601 3959 717 4022 praeter
741 3948 835 4023 ipsum
861 3960 1087 4023 praeceptorem
1111 3949 1308 4007 declamasse.

500 4055 559 4112 Sed
588 4054 641 4112 etsi
667 4055 696 4111 in
722 4055 859 4113 Latronis
890 4066 919 4112 et
943 4056 1067 4114 Nicetac
1098 4057 1208 4113 scholis
1240 4057 1389 4124 tacebant,
1415 4057 1561 4114 declama·

393 4163 465 4218 bant
483 4162 621 4236 discipuli
640 4163 719 4237 apud
744 4164 818 4220 alios
845 4163 1011 4238 magistros.
1060 4163 1153 4221 Cuius
1177 4163 1267 4220 moris
1292 4181 1443 4238 perpauca
1466 4182 1561 4220 exem-

393 4269 444 4343 pla
468 4269 585 4326 disertis
610 4271 708 4327 verbis
733 4271 852 4345 exponi,
885 4271 909 4327 si
933 4271 971 4328 ad
996 4272 1129 4328 Senecae
1160 4270 1344 4346 propositum
1377 4270 1561 4345 respicimus

394 4395 455 4433 non
484 4375 631 4435 miramur.
680 4378 786 4452 Neque
811 4397 880 4434 vero
905 4377 1012 4436 desunt
1036 4379 1082 4434 vel
1113 4378 1199 4435 huius
1228 4396 1296 4434 usus
1321 4379 1459 4452 exempla
1483 4378 1562 4452 apud

394 4485 551 4541 Senecam.
600 4483 788 4542 Declamavit
813 4481 902 4553 enim,
932 4504 998 4542 cum
1039 4485 1203 4560 discipulus
1239 4495 1326 4553 esset,
1357 4487 1448 4542 Latro
1483 4485 1563 4559 apud

394 4591 553 4648 Marullum
584 4607 664 4667 15,4,
698 4592 849 4649 Fabianus
886 4592 966 4668 apud
996 4592 1140 4651 Arellium
1176 4594 1304 4650 Fuscum
1345 4611 1448 4662 102,1‚
1483 4592 1562 4667 apud
