3492 5508
402 634 531 681 remotus
562 623 592 680 in
618 642 690 681 saxo
715 623 841 698 Seripho
866 623 1023 682 consenuit
1055 642 1197 698 annoque
1223 626 1282 698 785
1309 625 1397 682 XXV
1422 625 1502 682 exilii
1526 625 1570 682 sui

402 749 482 788 anno
508 741 639 788 mortuus
669 731 756 808 est).
803 733 908 806 Itaque
944 733 1005 790 fere
1041 749 1121 788 anno
1148 733 1209 804 760
1234 731 1351 790 videtur
1386 733 1452 789 exul
1477 733 1570 790 sactus

402 857 476 906 esse,
494 839 645 895 Labienus
662 857 732 896 vero
750 849 818 896 ante
836 839 865 897 id
882 850 999 913 tempus
1016 838 1095 896 diem
1113 857 1282 914 supremum
1300 837 1420 897 obiisse.
1454 839 1571 915 Opinor

401 954 499 1002 autem
524 947 672 1004 Senecam
709 965 840 1021 quoque,
877 947 927 1021 qui
963 946 1051 1004 sciret
1085 946 1164 1004 belle
1188 946 1300 1004 dictam
1323 965 1386 1004 rem
1410 947 1496 1006 Cassi
1519 946 1571 1004 illo

402 1063 536 1127 tempore
560 1053 765 1110 circumlatam
794 1072 869 1124 esse,
894 1063 965 1110 tunc
993 1055 1111 1110 Romae
1135 1053 1225 1110 fuisse
1248 1071 1347 1128 neque
1370 1054 1449 1111 hanc
1472 1073 1570 1112 narra·

402 1161 565 1218 tiunculam
602 1162 640 1218 ab
677 1161 737 1218 alio
774 1180 926 1236 quoquam
963 1160 1124 1236 accepisse.
1184 1161 1331 1218 Senecam
1369 1170 1467 1218 autem
1502 1171 1571 1218 ante

403 1268 498 1325 Asinii
523 1268 666 1325 Pollionis
702 1279 827 1326 mortem
852 1269 870 1326 i.
897 1287 922 1327 e.
950 1279 1018 1326 ante
1052 1286 1162 1325 annum
1201 1284 1259 1343 757
1299 1268 1404 1326 iterum
1440 1270 1570 1326 Romam

404 1376 518 1432 venisse
542 1385 667 1432 constat.
692 1377 726 1432 In
743 1394 803 1450 qua
816 1375 991 1450 quaestione
1002 1385 1033 1432 ut
1045 1375 1198 1450 paululum
1212 1394 1369 1446 moremur,
1388 1376 1526 1433 Koerber
1537 1369 1570 1451 2),

403 1482 484 1556 qnod
509 1482 635 1540 reditum
672 1501 752 1540 anno
791 1485 852 1558 756
889 1483 999 1542 factum
1024 1501 1089 1540 esse
1114 1482 1289 1558 suspicatur,
1325 1482 1418 1540 nimia
1443 1483 1571 1540 audacia

403 1590 443 1646 uti
468 1589 592 1648 videtur.
651 1592 740 1647 Anno
766 1591 845 1648 enirn
872 1606 931 1665 752
959 1591 1074 1648 Seneca
1091 1593 1208 1648 Romae
1225 1609 1286 1647 non
1303 1590 1419 1648 videtur
1436 1583 1569 1669 fuissessl.

403 1698 450 1754 De
469 1697 694 1772 insequentibus
711 1697 806 1770 annis,
833 1708 977 1772 quantum
1000 1697 1072 1766 sci0,
1098 1697 1171 1754 nihil
1188 1698 1328 1756 traditum
1346 1709 1398 1756 est.
1447 1699 1572 1756 Constat

379 1807 381 1812 '
402 1803 491 1879 igitur
514 1824 574 1861 non
611 1806 677 1879 plus
702 1823 792 1879 quam
818 1805 966 1863 Senecam
990 1804 1067 1861 intra
1092 1823 1187 1861 annos
1214 1821 1274 1880 752
1301 1815 1330 1862 et
1356 1821 1414 1880 757
1442 1807 1571 1862 Romam

402 1911 536 1970 rediisse.
582 1913 648 1986 Jam
673 1930 740 1968 cum
765 1912 803 1969 de
828 1929 864 1968 eo
893 1922 1037 1986 tempore,
1076 1929 1136 1984 quo
1161 1910 1288 1985 primum
1314 1911 1430 1969 Seneca
1454 1913 1571 1971 Rornae

404 2019 586 2087 versabatur,
612 2037 673 2075 non
697 2018 891 2093 cogitandum
916 2017 962 2088 sit,
989 2017 1058 2092 quia
1075 2017 1227 2075 Labienus
1248 2027 1298 2075 aut
1321 2018 1449 2076 Pollioni
1474 2038 1571 2095 super·

404 2126 457 2183 snit
481 2136 531 2182 aut
554 2137 633 2183 certe
657 2144 759 2183 senem
785 2143 850 2182 eum
876 2125 1019 2200 cognovit
1042 2158 1085 2165 -
1109 2124 1183 2182 dixit
1206 2125 1285 2183 enim
1311 2125 1349 2183 de
1373 2144 1426 2184 eo:

492 2233 537 2290 ille
559 2233 740 2308 triumphalis
755 2253 838 2290 senex
862 2227 1035 2315 ἀκροάσεις
1057 2251 1125 2289 raas
1150 2252 1305 2306 numquam
1315 2233 1421 2308 papale
1441 2237 1576 2292 carrzmise't

496 2357 600 2417 22527·
625 2375 669 2382 ’-

511 2448 677 2506 Labienum
713 2449 790 2506 intra
826 2467 921 2506 annos
959 2464 1018 2524 752
1047 2457 1075 2505 et
1102 2450 1164 2522 760
1189 2459 1338 2505 mortuum
1362 2466 1427 2506 esse
1451 2467 1571 2510 censeo

404 2557 452 2614 Ad
477 2557 555 2613 hanc
579 2555 667 2630 igitur
700 2565 827 2612 aetatem
863 2555 1050 2613 referendum
1075 2565 1120 2612 est
1143 2554 1233 2612 illud:
1259 2555 1402 2623 „arandam
1426 2557 1494 2613 haec
1514 2575 1572 2614 caa-

402 2663 516 2720 saetuda
538 2670 602 2720 erat
622 2662 767 2720 indaclaf‘

968 2870 1004 2926 2.

510 2986 579 3059 Quo
604 2985 765 3042 constituto
783 2984 923 3060 sequitur,
948 2995 988 3054 ut,
1008 2985 1265 3059 quemadmodum
1285 2985 1361 3042 haec
1377 2984 1469 3041 verba
1485 2983 1573 3041 inter-

403 3095 549 3169 pretanda
573 3095 640 3163 sint,
667 3094 855 3153 disseramus.
904 3094 996 3167 Quod
1021 3104 1092 3169 puto
1116 3095 1162 3150 his
1186 3094 1303 3150 duabus
1321 3091 1485 3149 rationibus
1510 3091 1573 3149 fieri

403 3178 501 3276 posse,
529 3213 559 3258 ut
571 3211 621 3258 aut
645 3219 788 3277 negemus
813 3201 871 3259 illis
888 3201 1071 3276 temporibus
1096 3203 1149 3258 has
1167 3199 1401 3258 declamationes
1426 3198 1573 3256 institutas

403 3326 477 3377 esse,
504 3309 542 3366 ad
568 3327 641 3383 quas
656 3309 784 3384 populus
802 3293 1015 3376 admitteretur,
1041 3319 1091 3364 aut
1106 3308 1185 3364 hanc
1201 3307 1450 3364 consuetudinem
1474 3306 1573 3364 decla·

403 3413 506 3472 mandi
523 3415 655 3472 admisso
672 3417 785 3490 populo
811 3435 828 3473 a
845 3415 996 3472 nonnullis
1020 3413 1275 3472 declamatoribus
1299 3413 1491 3471 exercitatam
1509 3430 1573 3469 esse

402 3521 547 3591 dicamus,
573 3522 627 3580 sed
650 3523 784 3580 nondum
810 3523 848 3580 ab
873 3521 1012 3580 omnibus
1037 3540 1131 3596 aeque
1156 3531 1307 3596 receptam
1332 3521 1431 3578 fuisse.

490 3630 666 3688 declamabat
685 3637 777 3686 aulem
800 3629 941 3686 Haterius
963 3630 1085 3687 admissa
1103 3629 1206 3705 papula
1229 3649 1264 3686 ex
1287 3636 1404 3704 tempere
1430 3645 1534 3702 227,7.

510 3737 653 3811 Quicum
672 3755 752 3794 anno
772 3753 830 3811 777
850 3737 1001 3812 usquead
1024 3737 1079 3794 XC
1096 3755 1190 3812 prope
1208 3755 1319 3794 annum
1338 3735 1527 3794 consenuerit
1538 3729 1572 3809 4),

403 3845 427 3902 si
451 3855 520 3902 ante
545 3863 655 3902 annum
681 3845 742 3902 fere
769 3848 830 3918 760
856 3843 988 3902 admisso
1025 3845 1138 3920 populo
1164 3863 1224 3900 non
1249 3844 1457 3912 declamasset,
1484 3860 1574 3900 senex

402 3955 462 4011 fere
499 3952 687 4028 septuaginta
723 3971 868 4010 annorum
905 3953 983 4009 hanc
1018 3951 1265 4010 consuetudinem
1290 3950 1467 4026 recepisset,
1491 3949 1574 4024 quod

405 4149 722 4156 .--.-.-.-...--.-.-

510 4270 529 4337 ¹)
549 4266 809 4320 Teuffel-Schwabe.⁵
830 4268 934 4329 267,11.

508 4359 528 4426 ²)
545 4361 640 4425 Joseph
654 4362 777 4418 Koerber‚
796 4359 880 4408 Ueber
893 4359 942 4406 den
960 4357 1055 4405 Rhetor
1069 4357 1164 4405 Seneca
1181 4356 1231 4404 und
1245 4356 1286 4404 die
1305 4355 1431 4404 rdmische
1451 4353 1574 4402 Rhetorilr

402 4452 484 4500 seiner
503 4451 565 4498 Zeit.
586 4452 706 4512 Marburg
729 4449 803 4509 1864.
823 4465 865 4512 pg.
887 4448 911 4495 6.

508 4538 529 4604 ³)
550 4541 610 4588 Otto
630 4541 742 4604 Gruppe,
764 4538 931 4600 Quaestiones
950 4538 1112 4584 Annaeanae.
1151 4535 1237 4583 Serlini
1261 4534 1334 4596 1873,
1355 4553 1379 4598 p.
1401 4544 1443 4597 25.

508 4627 529 4696 ⁴)
549 4628 782 4678 Teuffel-Schwabe
803 4627 852 4688 267
868 4636 891 4689 5.
