3492 5508
404 600 502 657 verbis
521 600 602 659 dicit.
651 601 816 675 Nusquam,
842 603 866 660 si
883 604 983 660 locum
1000 612 1093 671 notat,
1119 622 1179 678 quo
1196 603 1262 678 quis
1286 604 1444 672 declamat,
1469 603 1568 660 dativo

403 707 499 764 utitur.
549 707 608 780 Qui
634 727 720 765 casus
742 709 817 782 quid
833 710 989 785 significet,
1007 711 1142 768 videmus
1162 730 1198 768 ex
1226 713 1334 786 226,5:
1359 711 1473 767 memini
1492 712 1568 767 intra

332 891 334 896 Ι
402 823 536 888 qrrartara
560 817 641 884 diem,
665 836 752 890 qaam
776 819 899 874 Herium
926 819 1025 892 filiam
1048 819 1191 886 arriserat,
1216 819 1370 875 declamare
1399 837 1460 874 eam
1483 818 1567 884 nabis,

403 923 453 979 ubi
477 922 627 980 neminem
654 934 725 998 puto
750 943 961 982 concessurum
997 943 1062 983 esse
1098 925 1128 982 in
1153 926 1285 983 Senecae
1317 925 1408 984 domo
1433 924 1566 981 Asinium

402 1030 597 1087 declamasse.
647 1031 706 1088 Sed
730 1031 754 1088 si
786 1043 911 1106 utroque
946 1034 1014 1090 loco
1050 1032 1286 1090 declamationes
1321 1032 1390 1089 illae
1425 1031 1454 1088 in
1484 1049 1566 1087 usum

403 1148 549 1196 certorum
575 1138 729 1195 bominum
766 1138 965 1209 instituuntur,
999 1159 1069 1208 uno,
1106 1141 1189 1214 quod
1213 1140 1287 1208 sci0,
1323 1141 1391 1196 loco
1416 1138 1567 1196 dedomo

402 1245 518 1320 privata
544 1245 688 1302 Senecam
726 1265 845 1303 narrare
881 1257 1008 1314 constat,
1046 1247 1169 1304 ubi'de
1194 1247 1317 1304 Sextilio
1353 1247 1419 1304 Ena
1451 1263 1567 1302 carmen

403 1353 546 1409 recitante
562 1352 652 1410 dicit:
678 1354 702 1409 is
717 1353 808 1411 aazia.
825 1400 830 1411 .
845 1400 850 1411 .
861 1356 1090 1430 proscriptionem
1108 1356 1274 1411 recitaturus
1290 1355 1319 1410 ia
1335 1353 1414 1410 dareta
1430 1352 1569 1409 Messalae

407 1460 525 1516 Caraiai
548 1475 653 1533 574,7.

510 1584 584 1641 Cum
619 1585 706 1641 Sosio
740 1596 848 1654 autem,
886 1586 924 1643 de
960 1605 1020 1660 quo
1051 1585 1202 1662 Gruppius
1238 1596 1317 1643 recte
1352 1596 1495 1659 tanquam
1531 1583 1567 1640 de

402 1691 498 1748 nobili
523 1691 584 1748 viro
609 1711 777 1750 sermonem
801 1697 866 1750 esse
900 1693 982 1762 dicit,
1008 1713 1134 1768 pronum
1166 1703 1210 1751 est
1234 1693 1370 1750 conferre
1393 1694 1567 1766 Augustum,

403 1799 441 1856 de
465 1818 524 1873 quo
551 1800 665 1856 Seneca
696 1799 785 1858 dicit:
823 1801 939 1871 (Latro)
976 1801 1151 1858 declamabat
1180 1801 1258 1858 illam
1296 1800 1418 1856 Caesare
1442 1799 1568 1870 Argeata

402 1907 530 1962 aartreate
552 1913 579 1962 rt
601 1907 644 1964 M.
671 1908 800 1982 Agratpa
827 1906 910 1985 [haec
935 1908 1015 1966 enim
1040 1908 1128 1965 lectio
1154 1907 1281 1976 Mtilleri,
1312 1925 1390 1980 quae
1414 1905 1442 1962 in
1468 1922 1567 1962 manu·

403 2013 519 2087 scriptis
544 2013 625 2070 libris
651 2025 817 2084 exarantur,
853 2016 1039 2091 comparanti
1075 2015 1206 2090 genuina
1241 2015 1357 2073 videtur
1388 2031 1453 2071 esse
1476 2008 1566 2088 mihil.

353 2161 357 2174 .
408 2136 510 2195 159,5.

509 2245 613 2303 Audiit
637 2246 725 2322 igitur
750 2249 862 2306 Caesar
885 2251 1036 2324 Augustus
1062 2267 1128 2306 curn
1155 2247 1297 2305 comitatu
1322 2265 1376 2303 suo
1401 2279 1444 2287 —
1468 2244 1569 2302 aderat

403 2353 491 2410 etiam
517 2355 679 2411 Maecenas
704 2390 745 2398 --
772 2357 932 2414 Latronem
958 2357 1188 2414 declamantem.
1236 2355 1265 2411 Si
1291 2373 1361 2412 vero
1385 2352 1474 2410 lectio
1491 2361 1568 2408 recte

403 2461 563 2518 constituta
587 2473 640 2531 est,
667 2482 727 2520 non
752 2473 805 2532 est,
842 2465 924 2538 quod
960 2463 1138 2532 dubitemus,
1170 2463 1243 2537 quin
1267 2461 1378 2518 hocin
1403 2459 1515 2525 schola,
1539 2457 1569 2513 in

403 2586 462 2642 qua
487 2569 578 2625 Latro
609 2570 725 2628 solebat
749 2571 929 2640 declamare,
955 2571 1064 2628 factum
1091 2570 1135 2627 sit.
1173 2569 1266 2642 Quod
1290 2569 1337 2626 vel
1362 2586 1398 2625 eo
1422 2582 1570 2623 commen-

403 2676 500 2744 datur,
526 2677 609 2749 quod
634 2676 745 2735 Craton

498 2801 626 2870 Caesari,
662 2804 740 2877 quael
770 2804 848 2860 illam
882 2823 1038 2878 arrarqaarrt
1073 2804 1131 2860 aisi
1163 2820 1252 2859 mense
1274 2799 1424 2858 Decembri
1451 2796 1570 2862 audiret,

491 2908 580 2966 derit:
604 2908 646 2985 ὥς
668 2907 785 2996 Badra)
809 2934 863 2992 μοι
887 2913 949 3003 χρῇ
973 2926 1100 2985 502,14.

511 3033 599 3107 Quae
624 3037 725 3106 verba,
751 3037 806 3092 nisi
832 3036 861 3092 in
886 3036 1024 3094 Cratonis
1056 3037 1159 3094 schola
1189 3035 1280 3103 dicta,
1306 3050 1394 3091 sensu
1418 3036 1519 3087 carent
1543 3037 1572 3083 et

404 3143 475 3200 sale.
524 3143 604 3200 Huic
629 3143 751 3200 Cratoni
789 3154 887 3200 autem
919 3144 997 3202 adeo
1022 3143 1134 3202 Caesar
1165 3143 1294 3210 favebat,
1325 3149 1355 3196 ut
1378 3138 1519 3195 talentum
1544 3133 1572 3189 ei

404 3249 540 3318 donaret,
581 3250 722 3307 Passieno
758 3268 825 3308 euin
861 3251 1096 3320 commendaret,
1129 3249 1209 3324 apud
1243 3265 1273 3304 se
1307 3264 1374 3302 cum
1405 3243 1570 3314 Timagene

404 3357 615 3432 confligentem
642 3375 707 3414 eum
734 3368 883 3432 pateretur
899 3359 1043 3432 iocosque
1071 3358 1133 3415 eius
1158 3347 1303 3432 patienter
1327 3353 1414 3410 ferret
1437 3347 1571 3424 (502,9),

404 3466 533 3521 Tantum
559 3483 625 3520 cum
643 3463 754 3522 Caesar
771 3465 937 3522 rhetoribus
962 3465 1152 3532 concesserit,
1186 3464 1215 3520 in
1240 3461 1364 3520 aedibus
1389 3458 1450 3517 eius
1475 3455 1571 3512 decla-

406 3572 554 3629 mationes
579 3570 726 3629 institutas
751 3590 816 3629 esse
840 3572 959 3646 probari
985 3591 1047 3630 non
1072 3583 1178 3647 potest.
1230 3569 1322 3643 Quod
1359 3592 1362 3607 ·

498 3697 600 3754 Varias
627 3696 762 3754 Geminas
797 3699 878 3773 apaet
901 3698 1051 3756 Caesarem
1087 3699 1174 3755 dixit:
1203 3698 1320 3763 Caesar,
1356 3693 1408 3767 qai
1440 3687 1520 3764 aprra’
1549 3693 1574 3742 le

491 3805 596 3861 auderit
609 3805 705 3872 elicere,
722 3806 942 3876 riagaitadiaem
960 3813 1038 3862 taam
1051 3807 1193 3880 irritarunt,
1210 3806 1262 3879 qai
1271 3823 1326 3860 aaa
1344 3799 1456 3864 aarleat,
1474 3797 1573 3851 laria-

491 3912 605 3968 aitatem
616 3985 620 3996 ,
633 3912 690 3985 265
699 3930 738 3985 ,9,

508 4035 655 4093 iudicialis
693 4036 836 4094 orationis
861 4037 1016 4095 exordium
1048 4037 1119 4094 mihi
1152 4037 1267 4095 videtur
1298 4058 1372 4108 esse,
1399 4040 1474 4098 sicut
1497 4039 1571 4096 illud

490 4142 680 4216 Hybreae
710 4143 782 4200 reale
805 4144 885 4218 aprra'
903 4164 931 4200 se
955 4163 1069 4202 causam
1099 4146 1194 4216 aretati
1217 4147 1261 4202 ait
1283 4151 1329 4216 (sc.
1364 4147 1456 4205 Gerra
1475 4147 1573 4223 filius)

492 4251 609 4324 582,20

508 4373 546 4431 de
570 4375 719 4449 praetoria
736 4375 941 4434 iurisdictione
966 4377 1077 4435 dictum
1103 4395 1166 4436 esse
1184 4378 1307 4454 Gruppe
1333 4398 1393 4436 non
1419 4378 1573 4453 suspicari,

403 4481 456 4537 sed
480 4482 662 4539 contendere
687 4483 799 4540 debuit.
840 4483 985 4541 Conseras
1010 4503 1076 4541 cum
1103 4485 1157 4548 his,
1183 4485 1207 4542 si
1232 4485 1315 4553 libet,
1341 4487 1432 4543 haec:

489 4597 670 4646 accusaverat
683 4591 762 4646 illam
780 4591 860 4665 apud
877 4591 1027 4648 Caesarem
1045 4608 1119 4665 317,
1124 4611 1140 4666 3
1160 4593 1241 4667 aprrd
1253 4601 1414 4667 praeterera
1432 4593 1575 4650 urbanum
