3492 5508
842 442 1061 496 „40-

365 617 403 675 de
427 619 540 676 Scauro
565 619 752 678 declamante
777 620 828 678 illo
852 621 921 678 loco
947 631 1016 678 ante
1046 621 1137 678 verba
1161 621 1357 678 declamantem
1373 621 1539 680 audiuimus

364 723 397 804 (l.
427 726 456 799 7)
480 725 625 784 disserere
649 727 762 802 incipit.
811 728 918 802 Neque
954 727 1048 802 magis
1085 728 1127 786 eis
1152 738 1275 800 utemur,
1312 747 1390 802 quae
1414 729 1535 787 Cassius

365 833 490 890 Severus
514 833 608 890 edidit
635 851 725 909 205,7
754 835 823 908 quia
847 835 885 891 de
910 848 1026 892 oratore
1051 853 1147 908 aeque
1169 835 1273 909 agitur.
1322 837 1413 892 Hunc
1436 849 1535 894 antem

365 939 602 997 declamationes
626 941 766 1008 edidisse,
803 941 945 1016 quoniam
982 942 1106 999 nolebat
1143 942 1314 1000 declamare
1349 943 1407 1000 nisi
1431 943 1536 1000 famili-

366 1045 506 1103 arissimis
525 1047 715 1104 audientibus
732 1047 854 1105 minime
872 1059 915 1106 est
929 1048 1095 1106 verisimile.
1143 1049 1265 1106 Votieni
1282 1061 1380 1107 autem
1398 1050 1535 1107 Montani

366 1153 475 1229 scripta
499 1157 617 1228 429‚18
642 1153 726 1211 cuius
750 1155 867 1230 generis
890 1155 1007 1221 fuerint,
1037 1155 1208 1230 ignoramus
1233 1175 1331 1230 neque
1347 1167 1466 1214 constat
1489 1176 1535 1224 ea,

367 1280 443 1334 qnae
479 1263 641 1318 Montanus
665 1261 696 1318 in
731 1261 788 1318 illis
813 1263 851 1320 de
876 1262 991 1319 Marcio
1016 1263 1161 1320 Marcello
1185 1264 1283 1321 antico
1310 1283 1364 1322 suo
1388 1263 1536 1333 disseruit,

367 1368 406 1425 ad
441 1369 676 1426 declamationes
712 1370 897 1444 pertinuisse.
946 1370 1021 1426 Mihi
1058 1370 1179 1444 quidem
1218 1391 1307 1428 nemo
1344 1371 1538 1446 persuadebit

367 1476 540 1544 Votienum,
559 1476 609 1550 qui
633 1477 826 1534 scholasticas
851 1477 1078 1535 exercitationes
1107 1496 1289 1553 magnopere
1313 1479 1536 1546 contemnebat,

368 1583 405 1640 de
430 1583 699 1640 declamationibus
724 1584 886 1659 scripsisse.
936 1585 1072 1642 Marcelli
1096 1596 1194 1642 autem
1219 1585 1385 1643 sententiae
1409 1606 1427 1642 a
1452 1587 1537 1642 Mon-

368 1701 439 1746 tano
474 1691 585 1747 relatae
623 1710 751 1765 409,22.
788 1711 917 1766 419,21.
944 1711 1074 1767 4aq,19,
1110 1691 1252 1766 quoniam
1278 1711 1382 1750 omnes
1406 1693 1538 1750 introdu-

368 1807 473 1854 cuntur
496 1798 588 1855 verbo
617 1799 763 1868 „aiebat“,
788 1819 806 1856 a
829 1799 961 1856 Votieno
986 1818 1047 1856 non
1083 1799 1202 1875 scripta,
1228 1797 1386 1858 sed'dieta
1409 1818 1475 1858 esse
1498 1800 1538 1856 vi-

368 1905 483 1962 dentur.

476 2013 535 2069 Sed
560 2032 620 2070 non
646 2013 752 2071 desunt
777 2013 901 2088 vestigia
936 2015 1089 2083 librorum,
1126 2013 1156 2070 in
1185 2014 1293 2089 quibus
1317 2015 1450 2072 celebres
1474 2033 1539 2072 sen-

368 2121 479 2176 tentiae
514 2120 572 2194 legi
608 2131 777 2195 potuerunt.
824 2121 914 2178 Velut
935 2121 1040 2196 Junius
1067 2123 1148 2180 Otho
1173 2133 1258 2197 pater
1282 2133 1421 2196 quattuor
1445 2122 1539 2178 libros

369 2228 503 2283 colorum
528 2227 622 2284 edidit
647 2231 753 2303 49,18.
785 2243 888 2302 125,7.
940 2230 976 2285 In
1000 2228 1108 2302 quibus
1143 2229 1216 2302 quin
1240 2229 1351 2287 multae
1374 2227 1541 2286 sententiae

369 2345 397 2389 et
421 2335 537 2390 colores
562 2335 787 2392 commemorati
813 2335 929 2403 suerint,
963 2355 1023 2393 non
1048 2336 1163 2394 dubit0.
1211 2335 1338 2394 Accedit
1362 2337 1486 2394 alterurn
1510 2345 1541 2392 et

370 2441 427 2497 hoc
452 2451 564 2498 certum
589 2442 756 2516 exemplum
782 2443 880 2500 editae
904 2443 1134 2500 declamationis
1158 2461 1196 2518 45
1203 2464 1294 2518 3,12:

463 2549 634 2623 Capitonem,
659 2551 736 2606 cuius
758 2551 921 2608 declinantia
943 2559 984 2608 est
1003 2551 1036 2607 de
1051 2551 1180 2626 Popillia,
1205 2571 1278 2624 quae
1303 2552 1404 2608 misere
1418 2550 1545 2606 Latroni

458 2657 599 2714 subicitur.

478 2763 608 2820 Dubium
635 2775 687 2831 est,
713 2783 783 2820 num
809 2764 897 2821 etiarn
926 2781 1039 2838 210,15
1067 2765 1125 2821 huc
1148 2765 1257 2822 referre
1281 2764 1386 2821 liceat:

459 2872 543 2926 brrias
578 2872 651 2927 enim
685 2872 894 2929 declarrratianes
917 2873 1046 2940 ediscunt,
1082 2872 1158 2928 illius
1192 2874 1331 2929 aratrnnes
1360 2891 1416 2928 eren
1450 2872 1546 2944 legant

459 2979 516 3033 nisi
535 2997 592 3046 eas,
616 2979 716 3052 quibus
743 2978 848 3035 Cestius
871 2981 1018 3054 rescripsit.

477 3084 536 3142 Sed
560 3084 598 3142 de
622 3085 679 3142 hac
703 3104 734 3143 re
756 3097 862 3160 postea
884 3086 1062 3144 videbimus.

483 3334 633 3391 Condncit
669 3335 747 3391 enim
784 3347 873 3392 antea
909 3336 1089 3402 examinare,
1127 3347 1268 3410 quantum
1304 3335 1432 3410 patuerit
1457 3335 1545 3392 'inter

373 3442 590 3499 declamatores
625 3442 776 3499 scribendi
801 3461 880 3499 nsns.
929 3443 1006 3499 Nam
1030 3443 1184 3516 scripsisse
1208 3443 1428 3500 declamatores
1452 3461 1544 3516 saepe

376 3549 511 3605 traditur.
561 3550 606 3604 lta
631 3550 720 3605 latro
756 3551 873 3606 solebat
897 3551 947 3607 leae
975 3569 1074 3622 genere
1096 3551 1299 3606 exercitationis
1322 3550 1372 3618 uti,
1397 3556 1430 3606 ut
1450 3549 1547 3623 aliqua

372 3657 415 3711 die
439 3655 514 3711 rn'bil
527 3663 644 3730 praeter
665 3657 875 3730 eputbanernata
900 3657 1035 3725 scriberet,
1052 3657 1148 3730 aliana
1167 3657 1211 3712 elce
1226 3657 1301 3713 nibil
1314 3663 1433 3731 praeter
1453 3655 1546 3729 enthy-

373 3771 493 3819 memata
518 3782 562 3836 sq.
595 3783 662 3834 14,2
689 3765 780 3821 Porro

461 3888 521 3926 curn
545 3889 573 3926 se
596 3871 639 3926 ad
657 3871 827 3928 scribendum
851 3873 1043 3941 concitauerat,
1079 3871 1268 3943 iungebantur
1300 3871 1420 3927 nectibus
1443 3870 1499 3926 dies
1522 3878 1552 3926 et

462 3980 521 4034 sine
544 3978 692 4034 irrtcrnalla
710 3981 831 4050 grauius
854 3980 909 4035 sibi
929 3979 1056 4034 instabat
1075 3995 1123 4033 nec
1143 3971 1292 4046 desinebat,
1317 3979 1374 4034 nisi
1394 3977 1532 4051 defecerat
1539 3999 1549 4045 ,-

462 4104 564 4142 rursus
587 4103 647 4141 curn
670 4105 698 4141 se
721 4088 876 4154 retruserat,
903 4089 932 4142 in
956 4105 1049 4142 anrnes
1073 4085 1160 4153 lusus,
1196 4086 1226 4140 in
1249 4103 1341 4141 amnes
1364 4085 1432 4142 cacas
1455 4103 1482 4139 se
1504 4103 1548 4140 rc-

462 4193 586 4250 saleebat
608 4195 669 4264 8,7.

480 4302 570 4357 Latro
606 4299 694 4373 igitur
729 4300 883 4374 scripsisse
919 4299 1044 4367 videtur,
1083 4299 1344 4372 quotienscunque
1380 4297 1479 4356 studio
1504 4297 1547 4354 in-

374 4408 544 4464 cumbebat.
594 4407 676 4479 Quid
701 4427 771 4464 vero
796 4407 954 4482 scripserit,
981 4406 1025 4463 his
1050 4407 1183 4464 Senecae
1208 4405 1306 4463 verbis
1330 4407 1488 4463 docemur:

464 4534 618 4588 rrnrrrpuam
642 4515 695 4582 ille,
720 4535 793 4588 qnae
816 4516 939 4572 dicturus
962 4521 1033 4582 erat,
1056 4514 1190 4570 cdr'scendi
1212 4530 1297 4570 causa
1321 4513 1470 4587 relegebat:
1494 4514 1549 4568 edi·

463 4623 569 4680 de'cerat
589 4621 650 4690 illa,
685 4640 745 4679 cerni
780 4624 937 4698 scripserat.
962 4623 995 4678 id
1014 4641 1043 4678 ee
1066 4621 1158 4694 magas
1184 4621 1214 4678 in
1238 4621 1285 4677 r'lla
1308 4620 1436 4677 mr'rabr'lc
1459 4621 1553 4678 uideri
