3492 5508
688 433 817 488 -13
866 448 910 455 -

304 609 410 683 (Alfius
435 610 559 679 Flauus)
595 616 673 666 tauta
707 627 839 667 concursu
862 611 1005 667 taurinum
1037 610 1214 677 audiebatur,
1251 618 1284 668 ut
1315 631 1385 669 rara

241 771 243 774 .
303 716 418 773 auderet
432 723 500 792 past
519 717 598 774 illum
627 717 733 774 Cestius
755 717 841 773 dicere
860 719 964 790 27,18.

321 823 408 896 Quae
441 824 533 881 verba
566 842 674 882 caveas
708 843 745 882 ne
777 824 818 881 ita
850 824 1050 899 interpreteris
1077 824 1115 881 de
1139 825 1198 880 Alli
1224 824 1307 882 Flavi
1333 825 1383 882 de·

214 930 445 988 elimationibus
482 930 635 1005 disputare
670 949 731 988 non
767 949 831 989 esse
868 949 970 988 aruum
1009 931 1152 989 Cestium.
1213 931 1290 990 Nam
1321 932 1382 988 eius

214 1037 330 1095 colores
355 1039 564 1113 improbantur
588 1038 723 1097 aCestio
744 1041 826 1112 28‚9.
857 1041 961 1106 181,2.
991 1057 1119 1108 220,11.
1167 1039 1274 1110 Neque
1291 1039 1382 1096 credo

214 1144 276 1202 fieri
300 1145 443 1220 potuisse,
479 1153 510 1201 ut
535 1145 652 1202 Seneca
675 1163 780 1202 vocem
805 1143 927 1202 dicendi
952 1144 1065 1202 omisso
1083 1145 1165 1202 omni
1182 1145 1303 1203 obiecto
1328 1165 1382 1220 pro

214 1251 387 1326 disputandi
411 1252 503 1309 verbo
528 1262 691 1326 usurparet.
740 1251 852 1310 Contra
876 1250 997 1308 dicendi
1023 1261 1051 1309 et
1075 1251 1266 1310 declamandi
1291 1253 1382 1310 verba

214 1359 332 1433 saepius
358 1360 474 1416 Seneca
498 1358 574 1416 inter
597 1377 629 1416 se
652 1357 855 1415 commutavit.
903 1358 1047 1415 Conferas
1073 1359 1164 1417 haec:

303 1483 363 1522 eum
386 1466 486 1522 diecret
507 1467 720 1523 controuersiam
740 1482 811 1538 227,
816 1485 845 1540 3.

306 1573 412 1630 Cestius
435 1573 549 1630 eandem
573 1573 696 1630 deeturus
718 1575 758 1630 sie
777 1574 906 1648 exposuit
926 1575 1140 1630 controuersiam
1168 1591 1272 1648 272,9.

302 1699 361 1738 eum
385 1681 484 1737 diceret
498 1688 555 1754 pra
569 1680 635 1755 filia
658 1681 745 1738 laeum
770 1698 899 1755 317‚12.

301 1805 361 1846 cum
384 1789 484 1845 elieeret
504 1787 692 1844 ellum-lacum
718 1791 824 1862 430‚8.

301 1897 443 1952 Labienus
457 1902 524 1951 tam
554 1895 653 1952 deserte
676 1895 842 1952 declamauit
856 1901 970 1969 partem
986 1941 991 1952 .
1008 1941 1013 1952 .
1030 1941 1035 1952 .
1050 1915 1137 1969 quam
1155 1915 1233 1953 reema
1249 1898 1379 1968 alteram,

388 2019 448 2059 uem
472 2001 552 2059 illam
575 2021 667 2059 uiueres
690 2003 866 2060 disertissimi
888 2004 947 2059 eriri
963 2047 968 2060 .
986 2049 991 2060 .
1010 2049 1015 2059 .
1033 2003 1159 2060 dixerint
1181 2006 1289 2080 489,1.

318 2111 401 2169 Idem
428 2109 540 2167 omisso
564 2127 685 2184 quoque
710 2109 830 2167 obiecto
856 2109 968 2167 evenit:

300 2219 369 2275 haee
389 2217 437 2274 illa
459 2215 559 2272 dicente
581 2222 690 2290 excepta
713 2217 828 2272 memini
854 2236 979 2290 134,11.

305 2327 428 2383 Cestius.
445 2371 450 2382 .
467 2324 586 2381 ,di'ceuti
606 2324 737 2398 duscitulo
759 2326 854 2380 statim
878 2325 1053 2381 exclamabat
1075 2327 1203 2398 338.10.

300 2435 497 2505 iuterrogatus,
521 2431 656 2505 quomado
679 2431 803 2500 dixisset,
828 2432 970 2506 respondit
991 2451 1121 2503 401‚21.

207 2603 209 2606 ,
294 2550 350 2616 pra
374 2541 430 2609 eila,
459 2540 511 2614 qui
531 2539 657 2594 debilitat
676 2540 821 2613 expositas,
840 2541 930 2613 pauci
959 2540 1109 2597 attenedum
1133 2541 1275 2608 duxeruut,
1308 2541 1384 2597 dixit

393 2647 489 2705 Gallie
511 2653 538 2702 et
557 2647 608 2702 leae
628 2646 713 2703 calare
736 2665 802 2702 usus
825 2654 866 2702 est
887 2649 994 2717 488,1.

304 2756 407 2814 Graeci
428 2754 509 2828 uefeu
526 2760 703 2828 putauerunt
718 2761 775 2827 pra
798 2754 961 2812 Parrieasia
984 2755 1069 2811 (liare
1095 2749 1222 2830 501‚2o.

305 2863 379 2921 Oete
395 2869 491 2938 pater,
515 2877 574 2916 euru
591 2869 649 2935 pro
672 2861 834 2918 Parrhasia
857 2860 963 2930 deteret,
987 2863 1017 2918 iu
1041 2863 1091 2918 liae
1111 2863 1197 2919 celare
1220 2862 1327 2920 derisus
1342 2871 1383 2920 est

391 2985 519 3044 504,11.
638 3043 641 3050 Ι
766 3043 767 3048 ¹

318 3078 428 3136 Nonne
445 3074 534 3132 etiam
555 3078 649 3148 27,18
668 3093 734 3133 eam
759 3075 844 3133 huius
869 3076 952 3133 verbi
975 3075 1033 3132 vim
1052 3095 1116 3134 esse
1133 3077 1291 3134 verisimile
1316 3076 1379 3134 est?

212 3186 361 3244 Discimus
385 3194 483 3241 autem
507 3183 566 3240 hoc
589 3183 658 3240 loco
682 3173 793 3240 novum
818 3182 994 3261 disciplinae
1018 3201 1121 3258 genus
1156 3184 1294 3242 nimirum
1320 3204 1379 3242 ma-

210 3295 333 3371 gistrum
357 3301 425 3366 post
461 3289 641 3364 discipulum
677 3290 806 3365 exempli
842 3309 932 3347 causa
968 3291 1196 3368 declamantem.
1257 3293 1379 3350 Solebat

210 3404 269 3460 hoc
293 3401 390 3458 facere
414 3397 540 3466 Cestius
565 3397 590 3454 si
614 3379 664 3454 alii
688 3397 827 3474 discipuli
851 3398 1103 3466 declamaverunt,
1129 3398 1221 3456 rarius
1247 3399 1325 3464 fecit,
1355 3400 1378 3456 si

211 3510 306 3566 Alfius
329 3507 437 3564 Flavus
462 3503 587 3562 dixerat.
636 3505 837 3562 Confirmatur
861 3513 961 3560 autem
986 3505 1060 3562 haec
1077 3505 1264 3564 consuetudo
1281 3524 1379 3563 exem·

211 3617 263 3691 plo
286 3612 391 3671 Asinii.
449 3611 527 3668 Nam
552 3611 774 3668 meminerimus
798 3611 933 3668 Asinium
959 3611 1125 3668 Pollionem
1150 3623 1309 3688 postquam
1341 3613 1379 3670 de

211 3720 346 3780 Marcelli
362 3717 582 3776 declamatione
596 3719 767 3794 disputavit,
781 3719 904 3776 alteram
916 3729 1029 3792 partem
1043 3718 1138 3794 ipsum
1155 3714 1377 3804 declamlasse¹);

211 3831 248 3888 cl.
275 3827 382 3886 etiam:
413 3826 519 3883 Cestius
535 3827 610 3882 leura
631 3827 745 3883 celarem
764 3833 821 3882 tam
845 3827 970 3882 strictura
994 3846 1049 3883 eran
1066 3827 1209 3900 probauit,
1237 3827 1288 3883 sed
1306 3828 1382 3884 dixit

210 3934 419 4011 temperandum
436 3952 500 4003 esse,
525 3941 554 3990 et
573 3935 630 4008 ipse
644 3935 695 4012 leae
708 3933 794 3990 calare
817 3953 885 3990 usus
909 3940 957 4001 est,
981 3953 1068 4007 quam
1092 3934 1186 3990 statim
1211 3954 1229 3990 a
1239 3936 1379 4010 peiuee'pia

210 4044 325 4100 induxit
349 4044 431 4116 28,9.

768 4161 828 4217 12.

318 4257 406 4314 Nunc
440 4255 601 4330 quaeritur,
636 4273 707 4313 num
743 4256 911 4331 hospitibus
945 4273 1066 4330 quoque
1091 4273 1108 4312 a
1132 4253 1315 4330 disputando
1339 4253 1378 4311 ad

211 4364 443 4424 declamandum
468 4363 593 4421 transire
618 4364 661 4420 fas
687 4363 782 4421 fuerit.

317 4519 337 4587 1)
358 4522 429 4569 Parvi
457 4521 524 4569 enim
548 4523 624 4570 refert
650 4521 766 4569 Asinium
791 4521 823 4568 de
842 4520 927 4578 altera,
955 4519 1066 4568 Cestium
1086 4519 1117 4567 de
1141 4519 1229 4568 eadem
1248 4528 1318 4582 parte
1337 4519 1377 4567 de-

211 4613 326 4662 clamare.
