3492 5508
892 390 1111 446 -16-.

419 593 447 642 et
471 583 549 640 hunc
580 584 692 651 locum,
724 583 774 641 ubi
807 583 880 642 duas
912 583 1001 640 fuisse
1026 583 1138 658 Syriaci
1171 583 1306 642 actiones
1331 583 1485 643 videmus?
1507 586 1572 642 Nolo

419 709 523 766 urgere
548 693 692 750 Senecam
729 692 780 748 illo
816 692 885 749 loco
910 692 948 749 de
972 691 1144 750 accusando
1169 693 1331 768 disputare,
1356 712 1424 750 cum
1450 693 1573 768 Syriacus

419 799 465 856 bis
489 798 641 856 defendat.
683 799 751 857 Alia
775 798 854 856 enim
889 798 937 856 via
960 809 1051 874 patet,
1076 800 1100 857 si
1126 810 1294 875 reputamus
1319 801 1466 858 Senecam
1491 803 1572 874 498,5

419 905 479 963 veri
504 905 607 964 iudicii
632 906 671 964 ad
694 907 864 964 scholarum
889 906 1121 965 consuetudines
1145 925 1329 982 comparare.

528 1014 561 1070 In
587 1013 652 1071 foro
677 1013 756 1070 enim
782 1013 833 1088 qui
859 1013 955 1088 primo
980 1014 1049 1070 loco
1073 1014 1186 1083 dicunt,
1220 1033 1283 1072 non
1307 1031 1505 1088 quaecunque
1525 1012 1576 1070 dici

421 1131 548 1196 possunt
571 1123 671 1180 statim
695 1123 858 1197 proferunt,
891 1121 944 1180 sed
969 1139 1047 1196 quae
1071 1141 1134 1179 non
1159 1132 1221 1179 tuta
1244 1133 1312 1180 sunt
1336 1132 1496 1190 reservant,
1526 1139 1577 1194 quo

421 1228 536 1300 melius,
562 1239 722 1304 postquam
747 1228 907 1288 adversarii
933 1229 1079 1298 dixerunt,
1106 1229 1152 1288 his
1169 1230 1394 1305 respondeatur.
1442 1230 1508 1286 Hae
1524 1246 1578 1285 ora-

421 1336 518 1393 tiones
552 1336 639 1410 igitur
672 1337 851 1396 coniunctae
885 1337 1005 1396 demunt
1041 1339 1161 1413 plenam
1186 1347 1215 1395 et
1238 1337 1399 1412 perfectam
1435 1336 1579 1394 materiam

422 1443 590 1516 eontinent;
618 1453 718 1502 orator
741 1454 849 1513 autem,
887 1444 960 1518 quid
985 1445 1013 1502 in
1039 1464 1160 1520 quaque
1184 1444 1319 1504 oratione
1344 1443 1516 1519 ponendum
1539 1444 1580 1515 sit,

423 1559 561 1608 accurate
585 1569 685 1608 secum
710 1551 866 1610 deliberat.
915 1551 1028 1610 Contra
1062 1569 1259 1626 quaecunque
1285 1551 1323 1608 ad
1356 1550 1581 1608 controversiam

422 1657 580 1732 pertinent,
606 1658 707 1716 omnia
731 1657 828 1716 statim
854 1657 1024 1717 ordinanda
1048 1670 1075 1718 et
1093 1659 1223 1718 dicenda
1240 1670 1307 1716 sunt
1323 1677 1422 1733 neque
1440 1659 1469 1715 in
1490 1658 1582 1732 plures

423 1765 657 1822 declamationes
675 1765 891 1824 distribuenda.
932 1766 1002 1824 Non
1019 1767 1114 1823 solum
1133 1767 1285 1834 dt'cendum,
1302 1766 1356 1824 sed
1372 1764 1582 1840 respondendum

423 1873 479 1941 vel,
505 1872 708 1947 quodcunque
727 1873 766 1929 ab
782 1873 874 1930 altera
897 1883 980 1948 parte
997 1873 1057 1930 dici
1075 1882 1182 1947 potest,
1200 1873 1410 1948 occupandum
1430 1882 1482 1930 est.
1519 1871 1584 1927 Hoc

423 1991 495 2054 puto
520 1980 654 2036 Senecae
668 1979 734 2036 illis
759 1979 857 2037 verbis
881 1979 993 2038 dictum
1019 1998 1093 2038 esse.
1142 1981 1249 2038 Errant
1279 1979 1376 2054 igitur,
1406 1979 1457 2053 qui
1474 1980 1584 2037 schola-

423 2087 514 2144 sticos
539 2086 593 2144 fori
619 2105 701 2143 usum
727 2085 857 2143 imitatos
882 2087 1037 2161 complura
1062 2087 1099 2145 de
1124 2087 1229 2146 eadem
1254 2105 1286 2144 re
1310 2087 1395 2161 quasi
1412 2086 1523 2144 iudicia
1547 2085 1584 2142 in·

423 2194 551 2252 stituisse
587 2194 774 2252 arbitrantur.
835 2195 912 2252 Nam
948 2194 999 2268 qui
1035 2194 1163 2252 eandem
1189 2204 1302 2268 partem
1340 2193 1385 2251 bis
1409 2193 1539 2261 dicebat,
1564 2193 1585 2249 is

424 2320 485 2358 non
510 2301 580 2375 quia
604 2301 756 2358 materiam
782 2301 812 2358 in
837 2301 912 2358 duas
937 2301 1071 2359 actiones
1095 2301 1266 2376 dispertitus
1283 2311 1355 2368 erat,
1374 2301 1432 2356 boc
1449 2300 1583 2368 faciebat,

425 2409 478 2466 sed
513 2417 544 2466 ut
579 2419 671 2466 artem
709 2427 790 2466 suam
828 2420 878 2466 aut
902 2409 1077 2468 defenderet
1101 2419 1151 2466 aut
1176 2409 1265 2466 etiam
1290 2408 1385 2482 magis
1410 2407 1585 2464 ostenderet.

425 2517 495 2573 Hoc
519 2516 656 2590 Syriacus
680 2517 818 2584 faciebat,
845 2517 895 2592 qui
919 2528 1078 2592 postquam
1102 2517 1165 2592 ipse
1201 2515 1381 2574 declamavit
1417 2525 1445 2572 et
1481 2513 1587 2572 deinde

426 2623 608 2682 Bruttedium
634 2623 756 2698 Nigrum
783 2624 932 2682 dicentem
957 2624 1079 2690 audivit,
1112 2643 1180 2682 cum
1205 2624 1245 2682 ad
1269 2643 1312 2692 ea,
1349 2641 1427 2696 quae
1460 2622 1498 2679 ab
1532 2621 1588 2677 boc

425 2730 643 2800 obiciebantur,
667 2731 872 2806 responderet,
898 2732 1002 2790 iterum
1028 2731 1198 2790 declamare
1223 2730 1330 2805 coepit.

532 2856 616 2916 Idem
650 2856 738 2932 igitur
771 2857 830 2914 hoc
862 2858 1000 2932 exemplo
1025 2857 1178 2926 docemur,
1213 2856 1293 2932 quod
1319 2856 1347 2912 iu
1373 2856 1503 2912 Latrone
1526 2869 1590 2928 pro-

426 2965 527 3021 batum
563 2975 616 3032 est,
649 2963 766 3021 facilem
800 2963 914 3022 scilicet
947 2963 1170 3039 adisputando
1196 2964 1235 3021 ad
1258 2962 1491 3021 declamandum
1516 2971 1590 3016 tran-

426 3072 513 3129 situm
548 3070 647 3130 fuisse.
706 3071 777 3144 Quo
809 3071 970 3129 constituto
1006 3071 1084 3128 viam
1109 3071 1167 3129 iam
1193 3069 1409 3147 praemunitam
1445 3086 1510 3126 esse
1534 3064 1591 3124 exi·

426 3179 513 3236 stimo
539 3179 578 3236 ad
603 3198 670 3236 cam
695 3179 917 3254 expediendam
942 3178 1159 3254 quaestionem,
1185 3198 1277 3254 quam
1300 3170 1479 3253 tetigimus¹l
1496 3190 1593 3248 neque

426 3298 526 3344 tamen
544 3287 735 3356 absolvimus
754 3295 942 3362 quaerentes
961 3305 1013 3344 cur
1025 3286 1172 3344 Votienus
1186 3288 1357 3343 Montamus
1371 3280 1593 3346 declamaverit,

427 3413 494 3451 cum
518 3413 617 3469 neqrre
653 3395 862 3453 ostentationis
887 3413 977 3452 causa
1008 3394 1067 3450 hoc
1100 3393 1203 3452 fecerit
1234 3411 1332 3468 neque
1364 3387 1593 3449 exercitationis

429 3502 529 3575 Quem
554 3503 672 3560 scholas
697 3504 845 3560 rhetorum
872 3505 1084 3576 frequentasse,
1110 3501 1252 3576 quoniam
1278 3519 1375 3558 mores
1400 3516 1502 3558 eorum
1527 3513 1595 3553 cum

429 3611 545 3667 Seneca
556 3611 720 3667 collocutus
732 3609 874 3667 describit
884 3608 894 3686 (
901 3627 992 3683 370,1
1005 3603 1031 3690 1)
1046 3609 1094 3665 vix
1105 3609 1168 3678 erit,
1181 3608 1233 3683 qui
1243 3618 1340 3684 neget.
1378 3609 1597 3680 Frequentasse

428 3727 525 3775 autem
552 3736 601 3775 eas
625 3717 748 3786 videtur,
775 3728 804 3775 ut
829 3718 1002 3793 disputaret.
1058 3721 1083 3774 Λ
1109 3717 1292 3792 disputando
1316 3734 1385 3773 vero
1410 3733 1477 3772 eum
1510 3713 1597 3770 inter-

429 3824 499 3882 dum
526 3824 564 3881 ad
589 3825 820 3882 declamandum
845 3825 1029 3900 processisse
1053 3825 1240 3882 crediderim.

984 3943 1044 4002 15.

538 4041 625 4098 Haec
638 4039 806 4108 habuimus,
825 4059 901 4114 quae
915 4040 953 4099 de
967 4040 1228 4098 exercitationibus
1242 4040 1417 4098 diceremus
1459 4037 1601 4114 Sequitur

430 4157 461 4204 ut
485 4166 678 4222 exponamus,
705 4166 782 4222 (quae
807 4147 881 4204 ratio
906 4149 981 4206 inter
1006 4150 1059 4206 has
1083 4158 1112 4205 et
1144 4148 1208 4206 illas
1241 4147 1478 4206 declamationes
1512 4148 1601 4204 inter-

431 4255 562 4323 cesserit,
589 4255 627 4312 ad
653 4273 726 4329 quas
751 4255 880 4329 populus
905 4255 1126 4313 admittebatur.

538 4362 667 4418 Primum
702 4361 783 4419 aliud
815 4373 877 4419 erat
901 4362 1098 4420 declamantis
1134 4362 1302 4432 consilium,
1339 4381 1405 4420 cum
1440 4363 1606 4438 ,paucitate
