3492 5508
864 457 1084 512 ..34-

492 632 576 689 Idem
612 642 709 690 autem
746 633 869 690 fortasse
902 633 940 690 de
964 632 1107 692 Passieno
1140 633 1324 690 censendum
1353 643 1406 703 est,
1432 633 1471 692 de
1494 653 1558 708 quo

385 738 505 796 Cassius
519 740 642 796 Severus
654 759 720 796 cum
735 740 849 797 Seneca
863 741 1029 796 collocutus
1042 740 1131 802 dicit:
1149 741 1302 797 Passienus
1314 748 1407 797 noster
1420 743 1491 812 208,
1507 743 1557 810 16,

385 865 473 920 quem
493 848 607 904 Seneca
625 865 691 903 cum
710 847 837 915 Blando
864 848 1002 916 Latrone,
1030 849 1164 906 Buteone
1180 847 1381 922 disputantem
1407 848 1558 906 audivisse

384 954 501 1011 videtur
525 956 659 1028 169,1o.
707 953 827 1010 Turrini
846 954 946 1012 Clodii
969 954 1046 1012 filius
1065 955 1195 1012 fraterno
1215 973 1318 1012 amore
1335 956 1471 1013 Senecae
1487 955 1557 1012 filiis

385 1062 561 1118 coniunctus
597 1073 658 1118 erat
696 1077 833 1135 454,14.
887 1061 947 1136 Ipsi
974 1062 1107 1119 Senecae
1141 1062 1218 1119 adeo
1251 1080 1337 1119 carus
1370 1072 1442 1132 erat,
1476 1073 1507 1119 ut
1538 1083 1557 1120 a

386 1168 453 1225 filiis
490 1169 549 1224 suis
587 1187 653 1224 eum
689 1187 750 1224 non
787 1167 953 1226 distinxerit
978 1171 1093 1244 456,7.
1151 1169 1286 1226 Eandem
1315 1179 1413 1227 autem
1438 1180 1557 1245 patrum

386 1276 547 1332 amicitiam
573 1276 663 1333 fuisse
686 1294 747 1332 non
772 1285 899 1344 constat,
934 1295 1009 1350 quos
1033 1276 1113 1333 haud
1142 1277 1205 1333 scio
1229 1295 1267 1334 an
1291 1277 1350 1333 hoc
1370 1277 1556 1352 aliquantum

385 1383 574 1456 separaverit,
611 1383 693 1456 quod
725 1382 868 1439 Turrinus
893 1383 1018 1440 Clodius
1051 1384 1269 1458 Apollodorum
1305 1384 1484 1458 sequebatur
1519 1404 1557 1442 ac

385 1509 530 1546 summam
550 1491 647 1563 legem
664 1489 786 1547 dicendi
810 1500 922 1547 sectam
945 1491 1068 1564 putabat
1093 1507 1167 1565 455,
1181 1509 1209 1563 3,
1236 1491 1350 1548 Seneca
1367 1491 1556 1563 Theodoreis

386 1609 414 1654 et
449 1597 661 1672 Apollodoreis
697 1615 793 1670 aeque
830 1597 953 1655 infestus
990 1608 1059 1655 erat.
1120 1597 1242 1654 Latroni
1277 1609 1376 1656 autem
1410 1599 1555 1656 Turrinus

386 1725 539 1779 nunquam
557 1724 617 1762 non
635 1705 673 1762 de
693 1705 794 1762 colore
810 1704 1042 1762 controversiam
1068 1705 1138 1762 fecit
1163 1721 1235 1779 455,
1248 1707 1276 1761 6.
1325 1707 1429 1779 Itaque
1453 1724 1556 1779 quam-

386 1813 429 1869 vis
462 1814 630 1888 frequenter
665 1813 821 1880 Senecam,
859 1813 1031 1880 Latronem,
1056 1811 1216 1868 Turrinum
1252 1811 1429 1870 convenisse
1466 1812 1557 1869 facile

386 1921 563 1978 crediderim
589 1921 627 1978 ad
652 1932 767 1995 patrem
792 1928 926 1993 spectare
951 1919 1088 1976 existimo
1113 1919 1195 1992 quod
1221 1919 1336 1976 Seneca
1360 1914 1452 1976 dicit:

474 2031 574 2086 lorum
610 2029 724 2084 nomina
759 2045 814 2082 non
849 2044 891 2081 me
925 2045 943 2080 a
968 2027 1054 2081 nimio
1080 2025 1196 2098 faetore,
1231 2026 1282 2082 sed
1300 2045 1319 2082 a
1342 2032 1413 2082 ceno
1428 2027 1558 2100 posuisse

474 2137 578 2193 iuelieeo
599 2136 686 2192 sn'etis
710 2154 728 2204 4
733 2135 783 2208 56,
800 2152 847 2190 12.

492 2261 589 2335 Magis
616 2259 730 2316 videtur
754 2256 875 2314 Cassius
899 2256 1023 2313 Severus
1048 2255 1123 2313 inter
1148 2257 1282 2314 Senecae
1306 2257 1419 2314 amicos
1442 2257 1557 2316 baben-

385 2370 440 2427 dus
466 2387 539 2426 esse.
588 2369 637 2424 Ab
662 2368 720 2423 boc
744 2366 822 2423 enim
842 2365 958 2420 Seneca
976 2363 1130 2436 quaesivit,
1154 2363 1227 2436 quid
1245 2370 1320 2432 esset,
1344 2381 1395 2421 cur
1416 2367 1445 2420 in
1469 2366 1557 2422 decla-

385 2477 552 2534 mationibus
586 2475 739 2548 eloquentia
774 2472 818 2529 illi
844 2490 898 2528 sna
922 2489 977 2527 non
1000 2470 1177 2545 responderet
1205 2489 1276 2541 204,
1291 2473 1319 2529 8.
1368 2471 1461 2544 Quod
1486 2491 1556 2529 cum

384 2603 445 2641 non
480 2584 543 2641 sine
579 2583 710 2658 qrradam
745 2578 927 2637 contumelia
961 2577 1072 2635 dictum
1109 2577 1155 2642 sit,
1192 2577 1243 2634 tali
1268 2578 1382 2636 ratione
1406 2579 1556 2636 Senecam

385 2691 536 2748 bominem
561 2691 691 2765 quadem
716 2687 917 2745 familiaritate
941 2684 999 2741 sibi
1023 2703 1084 2740 non
1109 2684 1280 2741 devinctum
1306 2687 1555 2760 compellaturum

384 2799 473 2856 fuisse
498 2799 545 2854 vix
569 2796 757 2855 crediderim.
806 2792 943 2860 Accedit,
969 2791 1051 2866 quod
1075 2791 1113 2849 de
1138 2792 1195 2848 hoc
1221 2793 1336 2849 Seneca
1360 2791 1447 2849 dicit:

472 2905 682 2962 declamationes
710 2906 768 2960 eins
796 2900 959 2974 inaequales
989 2905 1080 2967 erant,
1105 2899 1155 2955 sea'
1173 2918 1216 2967 ea,
1241 2919 1314 2973 qnae
1336 2901 1501 2966 eminebant,
1526 2902 1559 2957 in

472 3031 644 3088 pisonemque
675 3011 871 3068 declamatione
887 3008 1038 3082 posuisses,
1063 3006 1239 3079 inaequalem
1262 3026 1324 3063 eom
1339 3006 1473 3081 fecissent
1495 3053 1500 3064 .
1521 3054 1526 3064 .
1549 3054 1556 3064 .

472 3124 596 3196 iniquom
613 3127 705 3176 tamen
720 3121 775 3174 erit
787 3137 822 3173 ex
845 3117 890 3172 liis
909 3134 971 3171 eum
996 3115 1154 3181 aestimare,
1178 3133 1251 3187 quae
1273 3115 1368 3170 statim
1392 3114 1559 3183 subtexam,-

472 3250 526 3286 non
550 3231 621 3286 enim
638 3230 707 3284 liaeo
728 3226 772 3282 ille
794 3226 893 3300 optime
909 3222 993 3289 dealt,
1018 3220 1068 3276 sea’
1081 3221 1149 3276 leaeo
1163 3239 1210 3291 eqo
1232 3222 1331 3294 optime
1345 3228 1420 3290 teneo
1439 3240 1510 3288 212,
1524 3241 1555 3294 9.

490 3356 568 3412 Num
593 3365 678 3430 putas
697 3355 843 3409 Senecam
867 3350 942 3405 haec
960 3347 1105 3404 dicturum
1124 3344 1223 3414 fuisse,
1248 3344 1305 3400 nisi
1330 3345 1394 3419 ipse
1418 3345 1557 3403 Cassium

383 3467 522 3522 Severum
540 3463 758 3518 declamantem
776 3454 955 3514 audivisset?
988 3453 1120 3510 Nolebat
1138 3463 1235 3508 autem
1249 3452 1370 3509 Cassius
1384 3453 1558 3510 declamare

383 3573 448 3630 aliis
465 3589 554 3645 quam
572 3566 808 3626 familiarissimis
826 3563 1017 3622 audientibus
1037 3580 1108 3627 212,
1121 3562 1148 3616 8.
1196 3559 1322 3616 Videtur·
1350 3579 1419 3616 vero
1437 3559 1557 3617 Seneca

382 3698 472 3754 saepe
496 3678 585 3734 etiam
610 3677 639 3733 in
665 3675 776 3733 iudicio
801 3672 952 3731 dicentem
976 3688 1042 3726 eum
1068 3665 1216 3724 audivisse
1244 3670 1377 3735 206,10.

490 3822 627 3895 Denique
657 3820 798 3879 Ovidium
831 3818 965 3875 Senecae
1000 3809 1110 3886 insigni
1146 3807 1346 3865 familiaritate
1381 3808 1556 3867 devinctum

383 3931 472 3987 fuisse
498 3930 621 4004 Gruppe
645 3929 730 3996 falso,
768 3938 798 3984 ut
833 3925 905 3982 mihi
939 3922 1065 3988 videtur,
1091 3916 1229 3991 opinatur
1242 3911 1276 3996 ¹).
1326 3917 1407 3974 Solet
1431 3916 1556 3990 quidem

382 4038 481 4094 multis
516 4036 589 4092 locis
614 4055 680 4092 curn
710 4036 841 4121 quadam
866 4033 1087 4107 benevolentia,
1113 4059 1151 4098 ne
1175 4041 1273 4097 dicam
1299 4041 1491 4098 veneratione
1515 4043 1557 4099 de

382 4145 443 4202 eius
468 4145 589 4219 ingenio
607 4145 723 4200 Seneca
748 4144 840 4218 loqui.
889 4145 1043 4218 Nusquam
1062 4165 1132 4204 vero
1157 4148 1195 4205 de
1219 4147 1350 4204 amicitia
1375 4147 1437 4207 eius
1462 4149 1558 4206 verba

382 4253 462 4320 facit,
488 4252 580 4325 qirod,
617 4251 640 4307 si
674 4251 720 4308 isti
746 4251 798 4308 viri
823 4252 931 4326 insigni
958 4253 1157 4311 familiaritate
1181 4254 1334 4311 coniuncti
1358 4255 1490 4323 fuissent,
1517 4274 1557 4312 eo

382 4360 476 4434 magis
511 4359 679 4417 mirandum
715 4371 802 4426 esset,
835 4360 905 4433 quia
931 4361 1067 4429 Ovidius
1104 4372 1135 4420 ut
1159 4360 1296 4434 diximus,
1322 4361 1458 4418 familiari
1483 4379 1557 4420 con-

488 4657 507 4727 ¹)
527 4661 631 4724 Gruppe
650 4660 666 4708 l.
687 4660 703 4708 l.
724 4677 780 4724 pag.
802 4660 843 4722 36.
