3492 5508
207 657 302 716 simile
327 667 371 716 est
407 659 445 716 ad
470 658 728 734 praelocutionum
753 659 940 717 referendum
973 677 1038 716 esse
1067 658 1156 717 etiam
1181 677 1288 733 4o1‚9,
1325 657 1376 715 ubi

207 764 245 822 de
270 765 446 839 Argentaria
472 766 622 842 proditum
647 776 711 828 est:

294 891 382 948 aeque
404 874 590 931 coretaneeliase
612 874 702 931 malta
725 875 921 949 interponebat.

776 993 813 1049 8.

314 1087 441 1145 Accedit
466 1088 559 1146 altera
588 1088 760 1164 disputandi
785 1089 916 1158 occasio,
951 1089 1014 1146 scil.
1039 1100 1107 1165 post
1131 1088 1293 1146 exhibitam
1328 1087 1375 1144 de·

208 1194 429 1254 clamationem.
467 1196 558 1254 Cuius
581 1213 651 1253 usus
675 1194 805 1254 vividam
839 1196 928 1254 nobis
959 1206 1183 1272 repraesentant
1216 1195 1376 1270 imaginem

208 1301 309 1371 verba,
336 1322 413 1378 quae
437 1315 505 1362 sunt
528 1303 566 1362 de
591 1302 696 1360 Asinio
722 1304 875 1362 Pollione:

297 1411 399 1468 aurte'ai
425 1419 517 1469 autem
541 1411 620 1468 illam
644 1418 671 1469 et
700 1413 818 1470 uiridem
841 1419 869 1469 et
893 1419 991 1488 postea
1015 1415 1074 1470 iam
1097 1431 1197 1480 senem,
1221 1429 1281 1469 cum
1294 1412 1377 1468 Mar-

296 1519 360 1576 cella
370 1519 526 1577 Aesernina
541 1522 633 1595 nepoti
647 1540 698 1578 sua
713 1521 799 1595 quasi
811 1521 992 1595 praeciperet.
1007 1522 1141 1578 audiebat
1153 1520 1232 1576 illam
1249 1520 1377 1578 dicentem

296 1635 323 1682 et
338 1627 468 1702 priorum
490 1626 653 1702 disputabat
673 1629 705 1685 de
732 1629 783 1686 illa
809 1636 905 1703 parte,
939 1648 1026 1703 onam
1060 1629 1215 1686 Marcellus
1245 1628 1378 1684 dixerat:

290 1736 495 1808 praetermissa
512 1736 676 1804 ostendebat,
701 1743 774 1792 tacta
797 1736 895 1793 leuiter
916 1737 1055 1811 inplebat,
1079 1737 1179 1794 uitiosa
1203 1734 1376 1808 coarguebat.

297 1842 393 1898 deinde
415 1841 521 1898 dicebat
538 1851 652 1917 partem
676 1845 849 1901 contrariam
876 1860 1003 1918 225‚11.

317 1949 396 2005 Nam
420 1947 475 2005 etsi
491 1949 618 2024 „qoasi“
642 1950 830 2025 praecepisse
854 1950 927 2009 dicit
950 1950 1087 2008 Asinium
1111 1985 1155 1992 —
1179 1949 1273 2008 virum
1298 1949 1377 2008 enirn

208 2055 427 2112 nobilissimum
454 2058 662 2115 tantummodo
679 2076 855 2133 comparare
880 2058 969 2116 audet
994 2077 1061 2116 cnm
1086 2056 1304 2134 professoribus
1323 2091 1376 2126 -‚

209 2161 386 2236 disciplinae
410 2163 541 2222 rationes
565 2164 697 2223 dilucide
722 2164 766 2222 bis
791 2165 890 2223 verbis
914 2165 1141 2224 circumscribit.
1203 2165 1305 2238 Quare
1329 2184 1377 2238 ge·

209 2269 321 2326 neralia
355 2270 407 2328 illa
444 2283 615 2346 praecepta,
652 2291 729 2346 quae
766 2283 1038 2330 commemorantur
1073 2272 1212 2330 Latronis
1251 2289 1375 2346 143‚17.

210 2379 316 2450 334‚8.
361 2375 441 2434 Cesti
468 2380 574 2452 338,4.
603 2395 710 2454 523,1.
757 2379 862 2437 Hateri
891 2382 983 2455 228,3
1011 2381 1059 2450 al,
1095 2391 1220 2456 possunt
1254 2378 1376 2454 quidem

209 2484 350 2541 continua
375 2473 578 2559 praelectione
602 2485 756 2561 discipulis
781 2487 922 2545 mandata
946 2507 1020 2558 esse,
1055 2489 1109 2546 sed
1143 2485 1301 2546 verisimile
1334 2496 1378 2543 est

210 2611 246 2650 ea
259 2611 295 2650 ex
308 2603 390 2667 parte
403 2593 506 2652 saltem
523 2592 554 2650 in
566 2593 818 2652 declamationum
832 2595 900 2652 crisi
914 2596 992 2654 velut
1002 2597 1040 2653 ab
1056 2595 1161 2653 Asinio
1173 2595 1288 2670 prolata
1301 2613 1375 2652 esse.

315 2701 421 2775 Neque
445 2719 515 2758 vero
540 2701 648 2760 desunt
671 2702 750 2777 apud
781 2703 926 2761 Senecam
962 2715 1043 2762 certa
1078 2702 1202 2778 vestigia
1234 2719 1377 2760 censurae

210 2807 296 2875 illius,
327 2826 417 2881 quam
452 2807 666 2883 discipulorum
703 2809 975 2868 declamationibus
1009 2810 1195 2881 adhibebant
1227 2810 1375 2867 doctores

208 2915 253 2971 lta
288 2915 399 2972 Fuscus
436 2915 564 2973 Arellius
601 2916 767 2974 auditorem
802 2936 887 2975 suurn
912 2918 1054 2993 corripuit
1080 2934 1208 2993 553,19.
1261 2915 1377 2974 Cestius

209 3021 318 3078 Alfium
346 3022 468 3098 Flavum
493 3022 670 3098 vituperavit
704 3025 775 3100 28,9
801 3035 830 3082 et
854 3035 912 3083 tres
936 3025 1100 3100 discipulos
1125 3023 1243 3099 ignotos
1269 3023 1375 3098 338,6.

209 3128 326 3186 Cestius
350 3148 420 3186 vero
445 3139 475 3187 ut
499 3129 654 3206 discipulis
678 3149 739 3188 non
764 3133 918 3206 parcebat,
956 3133 997 3190 ita
1021 3131 1052 3190 in
1076 3151 1138 3200 eos
1165 3149 1241 3206 quos
1265 3129 1303 3188 ad
1328 3129 1376 3188 de·

209 3236 400 3293 clamandum
431 3236 601 3306 admiserat,
631 3237 707 3295 sicut
724 3240 877 3296 Pastorem
894 3239 1024 3298 Aietium
1042 3238 1166 3314 (Varum
1185 3236 1375 3311 Quintilium,

210 3342 379 3412 Surdinum,
395 3344 419 3401 si
437 3344 466 3401 hi
481 3344 557 3403 inter
573 3344 640 3403 illos
653 3346 829 3404 numerandi
845 3347 924 3423 sunt)
938 3346 1154 3404 contumeliose
1171 3345 1375 3402 invehebatur.

210 3449 269 3508 Sed
295 3470 332 3509 ne
356 3451 401 3508 his
427 3452 548 3528 quidem
574 3463 741 3523 contentus,
774 3466 933 3530 postquam
957 3455 1108 3512 Pastorem
1134 3453 1265 3510 Aietium
1290 3450 1377 3509 corri-

210 3557 282 3632 puit,
308 3559 338 3616 in
363 3561 495 3636 collegas
520 3561 659 3619 absentes
685 3580 716 3620 se
741 3573 915 3620 convertere
938 3561 1072 3620 videtur:

298 3667 404 3724 dicebat
424 3676 516 3725 autem
539 3671 569 3726 in
592 3669 750 3738 Alboceiem,
774 3671 826 3744 qai
847 3669 904 3726 illis
926 3670 1019 3727 ritibus
1034 3670 1150 3726 dixerat
1162 3669 1192 3725 in
1208 3669 1262 3724 leae
1275 3674 1377 3724 contro·

298 3778 390 3833 versia
415 3777 537 3845 „damas
551 3783 644 3835 saxa“
674 3785 701 3834 et
721 3779 751 3834 in
774 3778 899 3834 Bassam
915 3777 1030 3854 saliam
1054 3777 1153 3846 multa,
1176 3777 1228 3851 qai
1249 3775 1378 3832 de'oeerat:

299 3885 400 3956 „ortega
423 3884 581 3941 desoltre'x“
606 3904 713 3960 49,14.

317 3991 513 4049 Conferamus
547 4010 614 4048 cum
640 3991 685 4050 his
711 3992 844 4050 eiusdem
869 3992 1117 4068 praelocutiones
1175 3993 1238 4049 Iam
1272 4001 1376 4048 contra

210 4116 313 4155 ornnes
350 4098 580 4157 declamatores:
607 4099 780 4176 discipulos
805 4099 948 4174 hospites¹
977 4100 1109 4175 collegas
1127 4099 1189 4156 sive
1205 4109 1377 4174 praesentes

209 4205 270 4262 sive
294 4206 433 4262 absentes
459 4205 589 4263 Cestium
615 4205 783 4282 disputasse
808 4206 1028 4282 cognoscimus.

779 4343 813 4398 9.

316 4443 355 4495 At
379 4437 443 4512 ipse
468 4438 506 4495 ab
531 4438 575 4507 iis,
601 4438 652 4513 qui
677 4438 707 4496 in
731 4438 836 4496 schola
861 4438 995 4508 aderant,
1021 4437 1136 4496 laudari
1161 4438 1296 4496 volebat:

297 4562 357 4602 com
381 4566 400 4601 a
423 4545 590 4602 scholasticis
612 4564 668 4602 non
691 4546 869 4614 laudaretur,
893 4565 980 4614 nemo,
1005 4546 1106 4619 inquit,
1137 4545 1256 4619 inponit
1275 4545 1325 4601 tros
1347 4545 1377 4600 in

297 4652 412 4710 caluom
435 4652 567 4726 ligneum,
591 4659 624 4709 ut
637 4653 811 4729 perveniant
831 4654 919 4712 neseio
941 4672 996 4729 quo
1019 4659 1161 4710 terraram
1189 4668 1316 4726 272,14.
